CDT_time,bar_fence,T_3m,Td_3m,RH_3m,P_3m,Spd_3m,raina_3m,preciptype_3m,rainr_3m,Ad_3m,bar_fence_1,second_counter,bar_fence_2,raintag
19:00:30,|,NaN,NaN,NaN,NaN,NaN,NaN,NaN,NaN,NaN,|,30,|,0
19:01:30,|,NaN,NaN,NaN,NaN,NaN,NaN,NaN,NaN,NaN,|,90,|,0
19:02:30,|,NaN,NaN,NaN,NaN,NaN,NaN,NaN,NaN,NaN,|,150,|,0
19:03:30,|,NaN,NaN,NaN,NaN,NaN,NaN,NaN,NaN,NaN,|,210,|,0
19:04:30,|,NaN,NaN,NaN,NaN,NaN,NaN,NaN,NaN,NaN,|,270,|,0
19:05:30,|,NaN,NaN,NaN,NaN,NaN,NaN,NaN,NaN,NaN,|,330,|,0
19:06:30,|,NaN,NaN,NaN,NaN,NaN,NaN,NaN,NaN,NaN,|,390,|,0
19:07:30,|,NaN,NaN,NaN,NaN,NaN,NaN,NaN,NaN,NaN,|,450,|,0
19:08:30,|,NaN,NaN,NaN,NaN,NaN,NaN,NaN,NaN,NaN,|,510,|,0
19:09:30,|,NaN,NaN,NaN,NaN,NaN,NaN,NaN,NaN,NaN,|,570,|,0
19:10:30,|,NaN,NaN,NaN,NaN,NaN,NaN,NaN,NaN,NaN,|,630,|,0
19:11:30,|,NaN,NaN,NaN,NaN,NaN,NaN,NaN,NaN,NaN,|,690,|,0
19:12:30,|,NaN,NaN,NaN,NaN,NaN,NaN,NaN,NaN,NaN,|,750,|,0
19:13:30,|,NaN,NaN,NaN,NaN,NaN,NaN,NaN,NaN,NaN,|,810,|,0
19:14:30,|,NaN,NaN,NaN,NaN,NaN,NaN,NaN,NaN,NaN,|,870,|,0
19:15:30,|,NaN,NaN,NaN,NaN,NaN,NaN,NaN,NaN,NaN,|,930,|,0
19:16:30,|,NaN,NaN,NaN,NaN,NaN,NaN,NaN,NaN,NaN,|,990,|,0
19:17:30,|,NaN,NaN,NaN,NaN,NaN,NaN,NaN,NaN,NaN,|,1050,|,0
19:18:30,|,NaN,NaN,NaN,NaN,NaN,NaN,NaN,NaN,NaN,|,1110,|,0
19:19:30,|,NaN,NaN,NaN,NaN,NaN,NaN,NaN,NaN,NaN,|,1170,|,0
19:20:30,|,NaN,NaN,NaN,NaN,NaN,NaN,NaN,NaN,NaN,|,1230,|,0
19:21:30,|,NaN,NaN,NaN,NaN,NaN,NaN,NaN,NaN,NaN,|,1290,|,0
19:22:30,|,NaN,NaN,NaN,NaN,NaN,NaN,NaN,NaN,NaN,|,1350,|,0
19:23:30,|,NaN,NaN,NaN,NaN,NaN,NaN,NaN,NaN,NaN,|,1410,|,0
19:24:30,|,NaN,NaN,NaN,NaN,NaN,NaN,NaN,NaN,NaN,|,1470,|,0
19:25:30,|,NaN,NaN,NaN,NaN,NaN,NaN,NaN,NaN,NaN,|,1530,|,0
19:26:30,|,NaN,NaN,NaN,NaN,NaN,NaN,NaN,NaN,NaN,|,1590,|,0
19:27:30,|,NaN,NaN,NaN,NaN,NaN,NaN,NaN,NaN,NaN,|,1650,|,0
19:28:30,|,NaN,NaN,NaN,NaN,NaN,NaN,NaN,NaN,NaN,|,1710,|,0
19:29:30,|,NaN,NaN,NaN,NaN,NaN,NaN,NaN,NaN,NaN,|,1770,|,0
19:30:30,|,NaN,NaN,NaN,NaN,NaN,NaN,NaN,NaN,NaN,|,1830,|,0
19:31:30,|,NaN,NaN,NaN,NaN,NaN,NaN,NaN,NaN,NaN,|,1890,|,0
19:32:30,|,NaN,NaN,NaN,NaN,NaN,NaN,NaN,NaN,NaN,|,1950,|,0
19:33:30,|,NaN,NaN,NaN,NaN,NaN,NaN,NaN,NaN,NaN,|,2010,|,0
19:34:30,|,NaN,NaN,NaN,NaN,NaN,NaN,NaN,NaN,NaN,|,2070,|,0
19:35:30,|,NaN,NaN,NaN,NaN,NaN,NaN,NaN,NaN,NaN,|,2130,|,0
19:36:30,|,NaN,NaN,NaN,NaN,NaN,NaN,NaN,NaN,NaN,|,2190,|,0
19:37:30,|,NaN,NaN,NaN,NaN,NaN,NaN,NaN,NaN,NaN,|,2250,|,0
19:38:30,|,NaN,NaN,NaN,NaN,NaN,NaN,NaN,NaN,NaN,|,2310,|,0
19:39:30,|,NaN,NaN,NaN,NaN,NaN,NaN,NaN,NaN,NaN,|,2370,|,0
19:40:30,|,NaN,NaN,NaN,NaN,NaN,NaN,NaN,NaN,NaN,|,2430,|,0
19:41:30,|,NaN,NaN,NaN,NaN,NaN,NaN,NaN,NaN,NaN,|,2490,|,0
19:42:30,|,NaN,NaN,NaN,NaN,NaN,NaN,NaN,NaN,NaN,|,2550,|,0
19:43:30,|,NaN,NaN,NaN,NaN,NaN,NaN,NaN,NaN,NaN,|,2610,|,0
19:44:30,|,NaN,NaN,NaN,NaN,NaN,NaN,NaN,NaN,NaN,|,2670,|,0
19:45:30,|,NaN,NaN,NaN,NaN,NaN,NaN,NaN,NaN,NaN,|,2730,|,0
19:46:30,|,NaN,NaN,NaN,NaN,NaN,NaN,NaN,NaN,NaN,|,2790,|,0
19:47:30,|,NaN,NaN,NaN,NaN,NaN,NaN,NaN,NaN,NaN,|,2850,|,0
19:48:30,|,NaN,NaN,NaN,NaN,NaN,NaN,NaN,NaN,NaN,|,2910,|,0
19:49:30,|,NaN,NaN,NaN,NaN,NaN,NaN,NaN,NaN,NaN,|,2970,|,0
19:50:30,|,NaN,NaN,NaN,NaN,NaN,NaN,NaN,NaN,NaN,|,3030,|,0
19:51:30,|,NaN,NaN,NaN,NaN,NaN,NaN,NaN,NaN,NaN,|,3090,|,0
19:52:30,|,NaN,NaN,NaN,NaN,NaN,NaN,NaN,NaN,NaN,|,3150,|,0
19:53:30,|,NaN,NaN,NaN,NaN,NaN,NaN,NaN,NaN,NaN,|,3210,|,0
19:54:30,|,NaN,NaN,NaN,NaN,NaN,NaN,NaN,NaN,NaN,|,3270,|,0
19:55:30,|,NaN,NaN,NaN,NaN,NaN,NaN,NaN,NaN,NaN,|,3330,|,0
19:56:30,|,NaN,NaN,NaN,NaN,NaN,NaN,NaN,NaN,NaN,|,3390,|,0
19:57:30,|,NaN,NaN,NaN,NaN,NaN,NaN,NaN,NaN,NaN,|,3450,|,0
19:58:30,|,NaN,NaN,NaN,NaN,NaN,NaN,NaN,NaN,NaN,|,3510,|,0
19:59:30,|,NaN,NaN,NaN,NaN,NaN,NaN,NaN,NaN,NaN,|,3570,|,0
20:00:30,|,NaN,NaN,NaN,NaN,NaN,NaN,NaN,NaN,NaN,|,3630,|,0
20:01:30,|,NaN,NaN,NaN,NaN,NaN,NaN,NaN,NaN,NaN,|,3690,|,0
20:02:30,|,NaN,NaN,NaN,NaN,NaN,NaN,NaN,NaN,NaN,|,3750,|,0
20:03:30,|,NaN,NaN,NaN,NaN,NaN,NaN,NaN,NaN,NaN,|,3810,|,0
20:04:30,|,NaN,NaN,NaN,NaN,NaN,NaN,NaN,NaN,NaN,|,3870,|,0
20:05:30,|,NaN,NaN,NaN,NaN,NaN,NaN,NaN,NaN,NaN,|,3930,|,0
20:06:30,|,NaN,NaN,NaN,NaN,NaN,NaN,NaN,NaN,NaN,|,3990,|,0
20:07:30,|,NaN,NaN,NaN,NaN,NaN,NaN,NaN,NaN,NaN,|,4050,|,0
20:08:30,|,NaN,NaN,NaN,NaN,NaN,NaN,NaN,NaN,NaN,|,4110,|,0
20:09:30,|,NaN,NaN,NaN,NaN,NaN,NaN,NaN,NaN,NaN,|,4170,|,0
20:10:30,|,NaN,NaN,NaN,NaN,NaN,NaN,NaN,NaN,NaN,|,4230,|,0
20:11:30,|,NaN,NaN,NaN,NaN,NaN,NaN,NaN,NaN,NaN,|,4290,|,0
20:12:30,|,NaN,NaN,NaN,NaN,NaN,NaN,NaN,NaN,NaN,|,4350,|,0
20:13:30,|,NaN,NaN,NaN,NaN,NaN,NaN,NaN,NaN,NaN,|,4410,|,0
20:14:30,|,NaN,NaN,NaN,NaN,NaN,NaN,NaN,NaN,NaN,|,4470,|,0
20:15:30,|,NaN,NaN,NaN,NaN,NaN,NaN,NaN,NaN,NaN,|,4530,|,0
20:16:30,|,NaN,NaN,NaN,NaN,NaN,NaN,NaN,NaN,NaN,|,4590,|,0
20:17:30,|,NaN,NaN,NaN,NaN,NaN,NaN,NaN,NaN,NaN,|,4650,|,0
20:18:30,|,NaN,NaN,NaN,NaN,NaN,NaN,NaN,NaN,NaN,|,4710,|,0
20:19:30,|,NaN,NaN,NaN,NaN,NaN,NaN,NaN,NaN,NaN,|,4770,|,0
20:20:30,|,NaN,NaN,NaN,NaN,NaN,NaN,NaN,NaN,NaN,|,4830,|,0
20:21:30,|,NaN,NaN,NaN,NaN,NaN,NaN,NaN,NaN,NaN,|,4890,|,0
20:22:30,|,NaN,NaN,NaN,NaN,NaN,NaN,NaN,NaN,NaN,|,4950,|,0
20:23:30,|,NaN,NaN,NaN,NaN,NaN,NaN,NaN,NaN,NaN,|,5010,|,0
20:24:30,|,NaN,NaN,NaN,NaN,NaN,NaN,NaN,NaN,NaN,|,5070,|,0
20:25:30,|,NaN,NaN,NaN,NaN,NaN,NaN,NaN,NaN,NaN,|,5130,|,0
20:26:30,|,NaN,NaN,NaN,NaN,NaN,NaN,NaN,NaN,NaN,|,5190,|,0
20:27:30,|,NaN,NaN,NaN,NaN,NaN,NaN,NaN,NaN,NaN,|,5250,|,0
20:28:30,|,NaN,NaN,NaN,NaN,NaN,NaN,NaN,NaN,NaN,|,5310,|,0
20:29:30,|,NaN,NaN,NaN,NaN,NaN,NaN,NaN,NaN,NaN,|,5370,|,0
20:30:30,|,NaN,NaN,NaN,NaN,NaN,NaN,NaN,NaN,NaN,|,5430,|,0
20:31:30,|,NaN,NaN,NaN,NaN,NaN,NaN,NaN,NaN,NaN,|,5490,|,0
20:32:30,|,NaN,NaN,NaN,NaN,NaN,NaN,NaN,NaN,NaN,|,5550,|,0
20:33:30,|,NaN,NaN,NaN,NaN,NaN,NaN,NaN,NaN,NaN,|,5610,|,0
20:34:30,|,NaN,NaN,NaN,NaN,NaN,NaN,NaN,NaN,NaN,|,5670,|,0
20:35:30,|,NaN,NaN,NaN,NaN,NaN,NaN,NaN,NaN,NaN,|,5730,|,0
20:36:30,|,NaN,NaN,NaN,NaN,NaN,NaN,NaN,NaN,NaN,|,5790,|,0
20:37:30,|,NaN,NaN,NaN,NaN,NaN,NaN,NaN,NaN,NaN,|,5850,|,0
20:38:30,|,NaN,NaN,NaN,NaN,NaN,NaN,NaN,NaN,NaN,|,5910,|,0
20:39:30,|,NaN,NaN,NaN,NaN,NaN,NaN,NaN,NaN,NaN,|,5970,|,0
20:40:30,|,NaN,NaN,NaN,NaN,NaN,NaN,NaN,NaN,NaN,|,6030,|,0
20:41:30,|,NaN,NaN,NaN,NaN,NaN,NaN,NaN,NaN,NaN,|,6090,|,0
20:42:30,|,NaN,NaN,NaN,NaN,NaN,NaN,NaN,NaN,NaN,|,6150,|,0
20:43:30,|,NaN,NaN,NaN,NaN,NaN,NaN,NaN,NaN,NaN,|,6210,|,0
20:44:30,|,NaN,NaN,NaN,NaN,NaN,NaN,NaN,NaN,NaN,|,6270,|,0
20:45:30,|,NaN,NaN,NaN,NaN,NaN,NaN,NaN,NaN,NaN,|,6330,|,0
20:46:30,|,NaN,NaN,NaN,NaN,NaN,NaN,NaN,NaN,NaN,|,6390,|,0
20:47:30,|,NaN,NaN,NaN,NaN,NaN,NaN,NaN,NaN,NaN,|,6450,|,0
20:48:30,|,NaN,NaN,NaN,NaN,NaN,NaN,NaN,NaN,NaN,|,6510,|,0
20:49:30,|,NaN,NaN,NaN,NaN,NaN,NaN,NaN,NaN,NaN,|,6570,|,0
20:50:30,|,NaN,NaN,NaN,NaN,NaN,NaN,NaN,NaN,NaN,|,6630,|,0
20:51:30,|,NaN,NaN,NaN,NaN,NaN,NaN,NaN,NaN,NaN,|,6690,|,0
20:52:30,|,NaN,NaN,NaN,NaN,NaN,NaN,NaN,NaN,NaN,|,6750,|,0
20:53:30,|,NaN,NaN,NaN,NaN,NaN,NaN,NaN,NaN,NaN,|,6810,|,0
20:54:30,|,NaN,NaN,NaN,NaN,NaN,NaN,NaN,NaN,NaN,|,6870,|,0
20:55:30,|,NaN,NaN,NaN,NaN,NaN,NaN,NaN,NaN,NaN,|,6930,|,0
20:56:30,|,NaN,NaN,NaN,NaN,NaN,NaN,NaN,NaN,NaN,|,6990,|,0
20:57:30,|,NaN,NaN,NaN,NaN,NaN,NaN,NaN,NaN,NaN,|,7050,|,0
20:58:30,|,NaN,NaN,NaN,NaN,NaN,NaN,NaN,NaN,NaN,|,7110,|,0
20:59:30,|,NaN,NaN,NaN,NaN,NaN,NaN,NaN,NaN,NaN,|,7170,|,0
21:00:30,|,NaN,NaN,NaN,NaN,NaN,NaN,NaN,NaN,NaN,|,7230,|,0
21:01:30,|,NaN,NaN,NaN,NaN,NaN,NaN,NaN,NaN,NaN,|,7290,|,0
21:02:30,|,NaN,NaN,NaN,NaN,NaN,NaN,NaN,NaN,NaN,|,7350,|,0
21:03:30,|,NaN,NaN,NaN,NaN,NaN,NaN,NaN,NaN,NaN,|,7410,|,0
21:04:30,|,NaN,NaN,NaN,NaN,NaN,NaN,NaN,NaN,NaN,|,7470,|,0
21:05:30,|,NaN,NaN,NaN,NaN,NaN,NaN,NaN,NaN,NaN,|,7530,|,0
21:06:30,|,NaN,NaN,NaN,NaN,NaN,NaN,NaN,NaN,NaN,|,7590,|,0
21:07:30,|,NaN,NaN,NaN,NaN,NaN,NaN,NaN,NaN,NaN,|,7650,|,0
21:08:30,|,NaN,NaN,NaN,NaN,NaN,NaN,NaN,NaN,NaN,|,7710,|,0
21:09:30,|,NaN,NaN,NaN,NaN,NaN,NaN,NaN,NaN,NaN,|,7770,|,0
21:10:30,|,NaN,NaN,NaN,NaN,NaN,NaN,NaN,NaN,NaN,|,7830,|,0
21:11:30,|,NaN,NaN,NaN,NaN,NaN,NaN,NaN,NaN,NaN,|,7890,|,0
21:12:30,|,NaN,NaN,NaN,NaN,NaN,NaN,NaN,NaN,NaN,|,7950,|,0
21:13:30,|,NaN,NaN,NaN,NaN,NaN,NaN,NaN,NaN,NaN,|,8010,|,0
21:14:30,|,NaN,NaN,NaN,NaN,NaN,NaN,NaN,NaN,NaN,|,8070,|,0
21:15:30,|,NaN,NaN,NaN,NaN,NaN,NaN,NaN,NaN,NaN,|,8130,|,0
21:16:30,|,NaN,NaN,NaN,NaN,NaN,NaN,NaN,NaN,NaN,|,8190,|,0
21:17:30,|,NaN,NaN,NaN,NaN,NaN,NaN,NaN,NaN,NaN,|,8250,|,0
21:18:30,|,NaN,NaN,NaN,NaN,NaN,NaN,NaN,NaN,NaN,|,8310,|,0
21:19:30,|,NaN,NaN,NaN,NaN,NaN,NaN,NaN,NaN,NaN,|,8370,|,0
21:20:30,|,NaN,NaN,NaN,NaN,NaN,NaN,NaN,NaN,NaN,|,8430,|,0
21:21:30,|,NaN,NaN,NaN,NaN,NaN,NaN,NaN,NaN,NaN,|,8490,|,0
21:22:30,|,NaN,NaN,NaN,NaN,NaN,NaN,NaN,NaN,NaN,|,8550,|,0
21:23:30,|,NaN,NaN,NaN,NaN,NaN,NaN,NaN,NaN,NaN,|,8610,|,0
21:24:30,|,NaN,NaN,NaN,NaN,NaN,NaN,NaN,NaN,NaN,|,8670,|,0
21:25:30,|,NaN,NaN,NaN,NaN,NaN,NaN,NaN,NaN,NaN,|,8730,|,0
21:26:30,|,NaN,NaN,NaN,NaN,NaN,NaN,NaN,NaN,NaN,|,8790,|,0
21:27:30,|,NaN,NaN,NaN,NaN,NaN,NaN,NaN,NaN,NaN,|,8850,|,0
21:28:30,|,NaN,NaN,NaN,NaN,NaN,NaN,NaN,NaN,NaN,|,8910,|,0
21:29:30,|,NaN,NaN,NaN,NaN,NaN,NaN,NaN,NaN,NaN,|,8970,|,0
21:30:30,|,NaN,NaN,NaN,NaN,NaN,NaN,NaN,NaN,NaN,|,9030,|,0
21:31:30,|,NaN,NaN,NaN,NaN,NaN,NaN,NaN,NaN,NaN,|,9090,|,0
21:32:30,|,NaN,NaN,NaN,NaN,NaN,NaN,NaN,NaN,NaN,|,9150,|,0
21:33:30,|,NaN,NaN,NaN,NaN,NaN,NaN,NaN,NaN,NaN,|,9210,|,0
21:34:30,|,NaN,NaN,NaN,NaN,NaN,NaN,NaN,NaN,NaN,|,9270,|,0
21:35:30,|,NaN,NaN,NaN,NaN,NaN,NaN,NaN,NaN,NaN,|,9330,|,0
21:36:30,|,NaN,NaN,NaN,NaN,NaN,NaN,NaN,NaN,NaN,|,9390,|,0
21:37:30,|,NaN,NaN,NaN,NaN,NaN,NaN,NaN,NaN,NaN,|,9450,|,0
21:38:30,|,NaN,NaN,NaN,NaN,NaN,NaN,NaN,NaN,NaN,|,9510,|,0
21:39:30,|,NaN,NaN,NaN,NaN,NaN,NaN,NaN,NaN,NaN,|,9570,|,0
21:40:30,|,NaN,NaN,NaN,NaN,NaN,NaN,NaN,NaN,NaN,|,9630,|,0
21:41:30,|,NaN,NaN,NaN,NaN,NaN,NaN,NaN,NaN,NaN,|,9690,|,0
21:42:30,|,NaN,NaN,NaN,NaN,NaN,NaN,NaN,NaN,NaN,|,9750,|,0
21:43:30,|,NaN,NaN,NaN,NaN,NaN,NaN,NaN,NaN,NaN,|,9810,|,0
21:44:30,|,NaN,NaN,NaN,NaN,NaN,NaN,NaN,NaN,NaN,|,9870,|,0
21:45:30,|,NaN,NaN,NaN,NaN,NaN,NaN,NaN,NaN,NaN,|,9930,|,0
21:46:30,|,NaN,NaN,NaN,NaN,NaN,NaN,NaN,NaN,NaN,|,9990,|,0
21:47:30,|,NaN,NaN,NaN,NaN,NaN,NaN,NaN,NaN,NaN,|,10050,|,0
21:48:30,|,NaN,NaN,NaN,NaN,NaN,NaN,NaN,NaN,NaN,|,10110,|,0
21:49:30,|,NaN,NaN,NaN,NaN,NaN,NaN,NaN,NaN,NaN,|,10170,|,0
21:50:30,|,NaN,NaN,NaN,NaN,NaN,NaN,NaN,NaN,NaN,|,10230,|,0
21:51:30,|,NaN,NaN,NaN,NaN,NaN,NaN,NaN,NaN,NaN,|,10290,|,0
21:52:30,|,NaN,NaN,NaN,NaN,NaN,NaN,NaN,NaN,NaN,|,10350,|,0
21:53:30,|,NaN,NaN,NaN,NaN,NaN,NaN,NaN,NaN,NaN,|,10410,|,0
21:54:30,|,NaN,NaN,NaN,NaN,NaN,NaN,NaN,NaN,NaN,|,10470,|,0
21:55:30,|,NaN,NaN,NaN,NaN,NaN,NaN,NaN,NaN,NaN,|,10530,|,0
21:56:30,|,NaN,NaN,NaN,NaN,NaN,NaN,NaN,NaN,NaN,|,10590,|,0
21:57:30,|,NaN,NaN,NaN,NaN,NaN,NaN,NaN,NaN,NaN,|,10650,|,0
21:58:30,|,NaN,NaN,NaN,NaN,NaN,NaN,NaN,NaN,NaN,|,10710,|,0
21:59:30,|,NaN,NaN,NaN,NaN,NaN,NaN,NaN,NaN,NaN,|,10770,|,0
22:00:30,|,NaN,NaN,NaN,NaN,NaN,NaN,NaN,NaN,NaN,|,10830,|,0
22:01:30,|,NaN,NaN,NaN,NaN,NaN,NaN,NaN,NaN,NaN,|,10890,|,0
22:02:30,|,NaN,NaN,NaN,NaN,NaN,NaN,NaN,NaN,NaN,|,10950,|,0
22:03:30,|,NaN,NaN,NaN,NaN,NaN,NaN,NaN,NaN,NaN,|,11010,|,0
22:04:30,|,NaN,NaN,NaN,NaN,NaN,NaN,NaN,NaN,NaN,|,11070,|,0
22:05:30,|,NaN,NaN,NaN,NaN,NaN,NaN,NaN,NaN,NaN,|,11130,|,0
22:06:30,|,NaN,NaN,NaN,NaN,NaN,NaN,NaN,NaN,NaN,|,11190,|,0
22:07:30,|,NaN,NaN,NaN,NaN,NaN,NaN,NaN,NaN,NaN,|,11250,|,0
22:08:30,|,NaN,NaN,NaN,NaN,NaN,NaN,NaN,NaN,NaN,|,11310,|,0
22:09:30,|,NaN,NaN,NaN,NaN,NaN,NaN,NaN,NaN,NaN,|,11370,|,0
22:10:30,|,NaN,NaN,NaN,NaN,NaN,NaN,NaN,NaN,NaN,|,11430,|,0
22:11:30,|,NaN,NaN,NaN,NaN,NaN,NaN,NaN,NaN,NaN,|,11490,|,0
22:12:30,|,NaN,NaN,NaN,NaN,NaN,NaN,NaN,NaN,NaN,|,11550,|,0
22:13:30,|,NaN,NaN,NaN,NaN,NaN,NaN,NaN,NaN,NaN,|,11610,|,0
22:14:30,|,NaN,NaN,NaN,NaN,NaN,NaN,NaN,NaN,NaN,|,11670,|,0
22:15:30,|,NaN,NaN,NaN,NaN,NaN,NaN,NaN,NaN,NaN,|,11730,|,0
22:16:30,|,NaN,NaN,NaN,NaN,NaN,NaN,NaN,NaN,NaN,|,11790,|,0
22:17:30,|,NaN,NaN,NaN,NaN,NaN,NaN,NaN,NaN,NaN,|,11850,|,0
22:18:30,|,NaN,NaN,NaN,NaN,NaN,NaN,NaN,NaN,NaN,|,11910,|,0
22:19:30,|,NaN,NaN,NaN,NaN,NaN,NaN,NaN,NaN,NaN,|,11970,|,0
22:20:30,|,NaN,NaN,NaN,NaN,NaN,NaN,NaN,NaN,NaN,|,12030,|,0
22:21:30,|,NaN,NaN,NaN,NaN,NaN,NaN,NaN,NaN,NaN,|,12090,|,0
22:22:30,|,NaN,NaN,NaN,NaN,NaN,NaN,NaN,NaN,NaN,|,12150,|,0
22:23:30,|,NaN,NaN,NaN,NaN,NaN,NaN,NaN,NaN,NaN,|,12210,|,0
22:24:30,|,NaN,NaN,NaN,NaN,NaN,NaN,NaN,NaN,NaN,|,12270,|,0
22:25:30,|,NaN,NaN,NaN,NaN,NaN,NaN,NaN,NaN,NaN,|,12330,|,0
22:26:30,|,NaN,NaN,NaN,NaN,NaN,NaN,NaN,NaN,NaN,|,12390,|,0
22:27:30,|,NaN,NaN,NaN,NaN,NaN,NaN,NaN,NaN,NaN,|,12450,|,0
22:28:30,|,NaN,NaN,NaN,NaN,NaN,NaN,NaN,NaN,NaN,|,12510,|,0
22:29:30,|,NaN,NaN,NaN,NaN,NaN,NaN,NaN,NaN,NaN,|,12570,|,0
22:30:30,|,NaN,NaN,NaN,NaN,NaN,NaN,NaN,NaN,NaN,|,12630,|,0
22:31:30,|,NaN,NaN,NaN,NaN,NaN,NaN,NaN,NaN,NaN,|,12690,|,0
22:32:30,|,NaN,NaN,NaN,NaN,NaN,NaN,NaN,NaN,NaN,|,12750,|,0
22:33:30,|,NaN,NaN,NaN,NaN,NaN,NaN,NaN,NaN,NaN,|,12810,|,0
22:34:30,|,NaN,NaN,NaN,NaN,NaN,NaN,NaN,NaN,NaN,|,12870,|,0
22:35:30,|,NaN,NaN,NaN,NaN,NaN,NaN,NaN,NaN,NaN,|,12930,|,0
22:36:30,|,NaN,NaN,NaN,NaN,NaN,NaN,NaN,NaN,NaN,|,12990,|,0
22:37:30,|,NaN,NaN,NaN,NaN,NaN,NaN,NaN,NaN,NaN,|,13050,|,0
22:38:30,|,NaN,NaN,NaN,NaN,NaN,NaN,NaN,NaN,NaN,|,13110,|,0
22:39:30,|,NaN,NaN,NaN,NaN,NaN,NaN,NaN,NaN,NaN,|,13170,|,0
22:40:30,|,NaN,NaN,NaN,NaN,NaN,NaN,NaN,NaN,NaN,|,13230,|,0
22:41:30,|,NaN,NaN,NaN,NaN,NaN,NaN,NaN,NaN,NaN,|,13290,|,0
22:42:30,|,NaN,NaN,NaN,NaN,NaN,NaN,NaN,NaN,NaN,|,13350,|,0
22:43:30,|,NaN,NaN,NaN,NaN,NaN,NaN,NaN,NaN,NaN,|,13410,|,0
22:44:30,|,NaN,NaN,NaN,NaN,NaN,NaN,NaN,NaN,NaN,|,13470,|,0
22:45:30,|,NaN,NaN,NaN,NaN,NaN,NaN,NaN,NaN,NaN,|,13530,|,0
22:46:30,|,NaN,NaN,NaN,NaN,NaN,NaN,NaN,NaN,NaN,|,13590,|,0
22:47:30,|,NaN,NaN,NaN,NaN,NaN,NaN,NaN,NaN,NaN,|,13650,|,0
22:48:30,|,NaN,NaN,NaN,NaN,NaN,NaN,NaN,NaN,NaN,|,13710,|,0
22:49:30,|,NaN,NaN,NaN,NaN,NaN,NaN,NaN,NaN,NaN,|,13770,|,0
22:50:30,|,NaN,NaN,NaN,NaN,NaN,NaN,NaN,NaN,NaN,|,13830,|,0
22:51:30,|,NaN,NaN,NaN,NaN,NaN,NaN,NaN,NaN,NaN,|,13890,|,0
22:52:30,|,NaN,NaN,NaN,NaN,NaN,NaN,NaN,NaN,NaN,|,13950,|,0
22:53:30,|,NaN,NaN,NaN,NaN,NaN,NaN,NaN,NaN,NaN,|,14010,|,0
22:54:30,|,NaN,NaN,NaN,NaN,NaN,NaN,NaN,NaN,NaN,|,14070,|,0
22:55:30,|,NaN,NaN,NaN,NaN,NaN,NaN,NaN,NaN,NaN,|,14130,|,0
22:56:30,|,NaN,NaN,NaN,NaN,NaN,NaN,NaN,NaN,NaN,|,14190,|,0
22:57:30,|,NaN,NaN,NaN,NaN,NaN,NaN,NaN,NaN,NaN,|,14250,|,0
22:58:30,|,NaN,NaN,NaN,NaN,NaN,NaN,NaN,NaN,NaN,|,14310,|,0
22:59:30,|,NaN,NaN,NaN,NaN,NaN,NaN,NaN,NaN,NaN,|,14370,|,0
23:00:30,|,NaN,NaN,NaN,NaN,NaN,NaN,NaN,NaN,NaN,|,14430,|,0
23:01:30,|,NaN,NaN,NaN,NaN,NaN,NaN,NaN,NaN,NaN,|,14490,|,0
23:02:30,|,NaN,NaN,NaN,NaN,NaN,NaN,NaN,NaN,NaN,|,14550,|,0
23:03:30,|,NaN,NaN,NaN,NaN,NaN,NaN,NaN,NaN,NaN,|,14610,|,0
23:04:30,|,NaN,NaN,NaN,NaN,NaN,NaN,NaN,NaN,NaN,|,14670,|,0
23:05:30,|,NaN,NaN,NaN,NaN,NaN,NaN,NaN,NaN,NaN,|,14730,|,0
23:06:30,|,NaN,NaN,NaN,NaN,NaN,NaN,NaN,NaN,NaN,|,14790,|,0
23:07:30,|,NaN,NaN,NaN,NaN,NaN,NaN,NaN,NaN,NaN,|,14850,|,0
23:08:30,|,NaN,NaN,NaN,NaN,NaN,NaN,NaN,NaN,NaN,|,14910,|,0
23:09:30,|,NaN,NaN,NaN,NaN,NaN,NaN,NaN,NaN,NaN,|,14970,|,0
23:10:30,|,NaN,NaN,NaN,NaN,NaN,NaN,NaN,NaN,NaN,|,15030,|,0
23:11:30,|,NaN,NaN,NaN,NaN,NaN,NaN,NaN,NaN,NaN,|,15090,|,0
23:12:30,|,NaN,NaN,NaN,NaN,NaN,NaN,NaN,NaN,NaN,|,15150,|,0
23:13:30,|,NaN,NaN,NaN,NaN,NaN,NaN,NaN,NaN,NaN,|,15210,|,0
23:14:30,|,NaN,NaN,NaN,NaN,NaN,NaN,NaN,NaN,NaN,|,15270,|,0
23:15:30,|,NaN,NaN,NaN,NaN,NaN,NaN,NaN,NaN,NaN,|,15330,|,0
23:16:30,|,NaN,NaN,NaN,NaN,NaN,NaN,NaN,NaN,NaN,|,15390,|,0
23:17:30,|,NaN,NaN,NaN,NaN,NaN,NaN,NaN,NaN,NaN,|,15450,|,0
23:18:30,|,NaN,NaN,NaN,NaN,NaN,NaN,NaN,NaN,NaN,|,15510,|,0
23:19:30,|,NaN,NaN,NaN,NaN,NaN,NaN,NaN,NaN,NaN,|,15570,|,0
23:20:30,|,NaN,NaN,NaN,NaN,NaN,NaN,NaN,NaN,NaN,|,15630,|,0
23:21:30,|,NaN,NaN,NaN,NaN,NaN,NaN,NaN,NaN,NaN,|,15690,|,0
23:22:30,|,NaN,NaN,NaN,NaN,NaN,NaN,NaN,NaN,NaN,|,15750,|,0
23:23:30,|,NaN,NaN,NaN,NaN,NaN,NaN,NaN,NaN,NaN,|,15810,|,0
23:24:30,|,NaN,NaN,NaN,NaN,NaN,NaN,NaN,NaN,NaN,|,15870,|,0
23:25:30,|,NaN,NaN,NaN,NaN,NaN,NaN,NaN,NaN,NaN,|,15930,|,0
23:26:30,|,NaN,NaN,NaN,NaN,NaN,NaN,NaN,NaN,NaN,|,15990,|,0
23:27:30,|,NaN,NaN,NaN,NaN,NaN,NaN,NaN,NaN,NaN,|,16050,|,0
23:28:30,|,NaN,NaN,NaN,NaN,NaN,NaN,NaN,NaN,NaN,|,16110,|,0
23:29:30,|,NaN,NaN,NaN,NaN,NaN,NaN,NaN,NaN,NaN,|,16170,|,0
23:30:30,|,NaN,NaN,NaN,NaN,NaN,NaN,NaN,NaN,NaN,|,16230,|,0
23:31:30,|,NaN,NaN,NaN,NaN,NaN,NaN,NaN,NaN,NaN,|,16290,|,0
23:32:30,|,NaN,NaN,NaN,NaN,NaN,NaN,NaN,NaN,NaN,|,16350,|,0
23:33:30,|,NaN,NaN,NaN,NaN,NaN,NaN,NaN,NaN,NaN,|,16410,|,0
23:34:30,|,NaN,NaN,NaN,NaN,NaN,NaN,NaN,NaN,NaN,|,16470,|,0
23:35:30,|,NaN,NaN,NaN,NaN,NaN,NaN,NaN,NaN,NaN,|,16530,|,0
23:36:30,|,NaN,NaN,NaN,NaN,NaN,NaN,NaN,NaN,NaN,|,16590,|,0
23:37:30,|,NaN,NaN,NaN,NaN,NaN,NaN,NaN,NaN,NaN,|,16650,|,0
23:38:30,|,NaN,NaN,NaN,NaN,NaN,NaN,NaN,NaN,NaN,|,16710,|,0
23:39:30,|,NaN,NaN,NaN,NaN,NaN,NaN,NaN,NaN,NaN,|,16770,|,0
23:40:30,|,NaN,NaN,NaN,NaN,NaN,NaN,NaN,NaN,NaN,|,16830,|,0
23:41:30,|,NaN,NaN,NaN,NaN,NaN,NaN,NaN,NaN,NaN,|,16890,|,0
23:42:30,|,NaN,NaN,NaN,NaN,NaN,NaN,NaN,NaN,NaN,|,16950,|,0
23:43:30,|,NaN,NaN,NaN,NaN,NaN,NaN,NaN,NaN,NaN,|,17010,|,0
23:44:30,|,NaN,NaN,NaN,NaN,NaN,NaN,NaN,NaN,NaN,|,17070,|,0
23:45:30,|,NaN,NaN,NaN,NaN,NaN,NaN,NaN,NaN,NaN,|,17130,|,0
23:46:30,|,NaN,NaN,NaN,NaN,NaN,NaN,NaN,NaN,NaN,|,17190,|,0
23:47:30,|,NaN,NaN,NaN,NaN,NaN,NaN,NaN,NaN,NaN,|,17250,|,0
23:48:30,|,NaN,NaN,NaN,NaN,NaN,NaN,NaN,NaN,NaN,|,17310,|,0
23:49:30,|,NaN,NaN,NaN,NaN,NaN,NaN,NaN,NaN,NaN,|,17370,|,0
23:50:30,|,NaN,NaN,NaN,NaN,NaN,NaN,NaN,NaN,NaN,|,17430,|,0
23:51:30,|,NaN,NaN,NaN,NaN,NaN,NaN,NaN,NaN,NaN,|,17490,|,0
23:52:30,|,NaN,NaN,NaN,NaN,NaN,NaN,NaN,NaN,NaN,|,17550,|,0
23:53:30,|,NaN,NaN,NaN,NaN,NaN,NaN,NaN,NaN,NaN,|,17610,|,0
23:54:30,|,NaN,NaN,NaN,NaN,NaN,NaN,NaN,NaN,NaN,|,17670,|,0
23:55:30,|,NaN,NaN,NaN,NaN,NaN,NaN,NaN,NaN,NaN,|,17730,|,0
23:56:30,|,NaN,NaN,NaN,NaN,NaN,NaN,NaN,NaN,NaN,|,17790,|,0
23:57:30,|,NaN,NaN,NaN,NaN,NaN,NaN,NaN,NaN,NaN,|,17850,|,0
23:58:30,|,NaN,NaN,NaN,NaN,NaN,NaN,NaN,NaN,NaN,|,17910,|,0
23:59:30,|,NaN,NaN,NaN,NaN,NaN,NaN,NaN,NaN,NaN,|,17970,|,0
00:00:30,|,NaN,NaN,NaN,NaN,NaN,NaN,NaN,NaN,NaN,|,18030,|,0
00:01:30,|,NaN,NaN,NaN,NaN,NaN,NaN,NaN,NaN,NaN,|,18090,|,0
00:02:30,|,NaN,NaN,NaN,NaN,NaN,NaN,NaN,NaN,NaN,|,18150,|,0
00:03:30,|,NaN,NaN,NaN,NaN,NaN,NaN,NaN,NaN,NaN,|,18210,|,0
00:04:30,|,NaN,NaN,NaN,NaN,NaN,NaN,NaN,NaN,NaN,|,18270,|,0
00:05:30,|,NaN,NaN,NaN,NaN,NaN,NaN,NaN,NaN,NaN,|,18330,|,0
00:06:30,|,NaN,NaN,NaN,NaN,NaN,NaN,NaN,NaN,NaN,|,18390,|,0
00:07:30,|,NaN,NaN,NaN,NaN,NaN,NaN,NaN,NaN,NaN,|,18450,|,0
00:08:30,|,NaN,NaN,NaN,NaN,NaN,NaN,NaN,NaN,NaN,|,18510,|,0
00:09:30,|,NaN,NaN,NaN,NaN,NaN,NaN,NaN,NaN,NaN,|,18570,|,0
00:10:30,|,NaN,NaN,NaN,NaN,NaN,NaN,NaN,NaN,NaN,|,18630,|,0
00:11:30,|,NaN,NaN,NaN,NaN,NaN,NaN,NaN,NaN,NaN,|,18690,|,0
00:12:30,|,NaN,NaN,NaN,NaN,NaN,NaN,NaN,NaN,NaN,|,18750,|,0
00:13:30,|,NaN,NaN,NaN,NaN,NaN,NaN,NaN,NaN,NaN,|,18810,|,0
00:14:30,|,NaN,NaN,NaN,NaN,NaN,NaN,NaN,NaN,NaN,|,18870,|,0
00:15:30,|,NaN,NaN,NaN,NaN,NaN,NaN,NaN,NaN,NaN,|,18930,|,0
00:16:30,|,NaN,NaN,NaN,NaN,NaN,NaN,NaN,NaN,NaN,|,18990,|,0
00:17:30,|,NaN,NaN,NaN,NaN,NaN,NaN,NaN,NaN,NaN,|,19050,|,0
00:18:30,|,NaN,NaN,NaN,NaN,NaN,NaN,NaN,NaN,NaN,|,19110,|,0
00:19:30,|,NaN,NaN,NaN,NaN,NaN,NaN,NaN,NaN,NaN,|,19170,|,0
00:20:30,|,NaN,NaN,NaN,NaN,NaN,NaN,NaN,NaN,NaN,|,19230,|,0
00:21:30,|,NaN,NaN,NaN,NaN,NaN,NaN,NaN,NaN,NaN,|,19290,|,0
00:22:30,|,NaN,NaN,NaN,NaN,NaN,NaN,NaN,NaN,NaN,|,19350,|,0
00:23:30,|,NaN,NaN,NaN,NaN,NaN,NaN,NaN,NaN,NaN,|,19410,|,0
00:24:30,|,NaN,NaN,NaN,NaN,NaN,NaN,NaN,NaN,NaN,|,19470,|,0
00:25:30,|,NaN,NaN,NaN,NaN,NaN,NaN,NaN,NaN,NaN,|,19530,|,0
00:26:30,|,NaN,NaN,NaN,NaN,NaN,NaN,NaN,NaN,NaN,|,19590,|,0
00:27:30,|,NaN,NaN,NaN,NaN,NaN,NaN,NaN,NaN,NaN,|,19650,|,0
00:28:30,|,NaN,NaN,NaN,NaN,NaN,NaN,NaN,NaN,NaN,|,19710,|,0
00:29:30,|,NaN,NaN,NaN,NaN,NaN,NaN,NaN,NaN,NaN,|,19770,|,0
00:30:30,|,NaN,NaN,NaN,NaN,NaN,NaN,NaN,NaN,NaN,|,19830,|,0
00:31:30,|,NaN,NaN,NaN,NaN,NaN,NaN,NaN,NaN,NaN,|,19890,|,0
00:32:30,|,NaN,NaN,NaN,NaN,NaN,NaN,NaN,NaN,NaN,|,19950,|,0
00:33:30,|,NaN,NaN,NaN,NaN,NaN,NaN,NaN,NaN,NaN,|,20010,|,0
00:34:30,|,NaN,NaN,NaN,NaN,NaN,NaN,NaN,NaN,NaN,|,20070,|,0
00:35:30,|,NaN,NaN,NaN,NaN,NaN,NaN,NaN,NaN,NaN,|,20130,|,0
00:36:30,|,NaN,NaN,NaN,NaN,NaN,NaN,NaN,NaN,NaN,|,20190,|,0
00:37:30,|,NaN,NaN,NaN,NaN,NaN,NaN,NaN,NaN,NaN,|,20250,|,0
00:38:30,|,NaN,NaN,NaN,NaN,NaN,NaN,NaN,NaN,NaN,|,20310,|,0
00:39:30,|,NaN,NaN,NaN,NaN,NaN,NaN,NaN,NaN,NaN,|,20370,|,0
00:40:30,|,NaN,NaN,NaN,NaN,NaN,NaN,NaN,NaN,NaN,|,20430,|,0
00:41:30,|,NaN,NaN,NaN,NaN,NaN,NaN,NaN,NaN,NaN,|,20490,|,0
00:42:30,|,NaN,NaN,NaN,NaN,NaN,NaN,NaN,NaN,NaN,|,20550,|,0
00:43:30,|,NaN,NaN,NaN,NaN,NaN,NaN,NaN,NaN,NaN,|,20610,|,0
00:44:30,|,NaN,NaN,NaN,NaN,NaN,NaN,NaN,NaN,NaN,|,20670,|,0
00:45:30,|,NaN,NaN,NaN,NaN,NaN,NaN,NaN,NaN,NaN,|,20730,|,0
00:46:30,|,NaN,NaN,NaN,NaN,NaN,NaN,NaN,NaN,NaN,|,20790,|,0
00:47:30,|,NaN,NaN,NaN,NaN,NaN,NaN,NaN,NaN,NaN,|,20850,|,0
00:48:30,|,NaN,NaN,NaN,NaN,NaN,NaN,NaN,NaN,NaN,|,20910,|,0
00:49:30,|,NaN,NaN,NaN,NaN,NaN,NaN,NaN,NaN,NaN,|,20970,|,0
00:50:30,|,NaN,NaN,NaN,NaN,NaN,NaN,NaN,NaN,NaN,|,21030,|,0
00:51:30,|,NaN,NaN,NaN,NaN,NaN,NaN,NaN,NaN,NaN,|,21090,|,0
00:52:30,|,NaN,NaN,NaN,NaN,NaN,NaN,NaN,NaN,NaN,|,21150,|,0
00:53:30,|,NaN,NaN,NaN,NaN,NaN,NaN,NaN,NaN,NaN,|,21210,|,0
00:54:30,|,NaN,NaN,NaN,NaN,NaN,NaN,NaN,NaN,NaN,|,21270,|,0
00:55:30,|,NaN,NaN,NaN,NaN,NaN,NaN,NaN,NaN,NaN,|,21330,|,0
00:56:30,|,NaN,NaN,NaN,NaN,NaN,NaN,NaN,NaN,NaN,|,21390,|,0
00:57:30,|,NaN,NaN,NaN,NaN,NaN,NaN,NaN,NaN,NaN,|,21450,|,0
00:58:30,|,NaN,NaN,NaN,NaN,NaN,NaN,NaN,NaN,NaN,|,21510,|,0
00:59:30,|,NaN,NaN,NaN,NaN,NaN,NaN,NaN,NaN,NaN,|,21570,|,0
01:00:30,|,NaN,NaN,NaN,NaN,NaN,NaN,NaN,NaN,NaN,|,21630,|,0
01:01:30,|,NaN,NaN,NaN,NaN,NaN,NaN,NaN,NaN,NaN,|,21690,|,0
01:02:30,|,NaN,NaN,NaN,NaN,NaN,NaN,NaN,NaN,NaN,|,21750,|,0
01:03:30,|,NaN,NaN,NaN,NaN,NaN,NaN,NaN,NaN,NaN,|,21810,|,0
01:04:30,|,NaN,NaN,NaN,NaN,NaN,NaN,NaN,NaN,NaN,|,21870,|,0
01:05:30,|,NaN,NaN,NaN,NaN,NaN,NaN,NaN,NaN,NaN,|,21930,|,0
01:06:30,|,NaN,NaN,NaN,NaN,NaN,NaN,NaN,NaN,NaN,|,21990,|,0
01:07:30,|,NaN,NaN,NaN,NaN,NaN,NaN,NaN,NaN,NaN,|,22050,|,0
01:08:30,|,NaN,NaN,NaN,NaN,NaN,NaN,NaN,NaN,NaN,|,22110,|,0
01:09:30,|,NaN,NaN,NaN,NaN,NaN,NaN,NaN,NaN,NaN,|,22170,|,0
01:10:30,|,NaN,NaN,NaN,NaN,NaN,NaN,NaN,NaN,NaN,|,22230,|,0
01:11:30,|,NaN,NaN,NaN,NaN,NaN,NaN,NaN,NaN,NaN,|,22290,|,0
01:12:30,|,NaN,NaN,NaN,NaN,NaN,NaN,NaN,NaN,NaN,|,22350,|,0
01:13:30,|,NaN,NaN,NaN,NaN,NaN,NaN,NaN,NaN,NaN,|,22410,|,0
01:14:30,|,NaN,NaN,NaN,NaN,NaN,NaN,NaN,NaN,NaN,|,22470,|,0
01:15:30,|,NaN,NaN,NaN,NaN,NaN,NaN,NaN,NaN,NaN,|,22530,|,0
01:16:30,|,NaN,NaN,NaN,NaN,NaN,NaN,NaN,NaN,NaN,|,22590,|,0
01:17:30,|,NaN,NaN,NaN,NaN,NaN,NaN,NaN,NaN,NaN,|,22650,|,0
01:18:30,|,NaN,NaN,NaN,NaN,NaN,NaN,NaN,NaN,NaN,|,22710,|,0
01:19:30,|,NaN,NaN,NaN,NaN,NaN,NaN,NaN,NaN,NaN,|,22770,|,0
01:20:30,|,NaN,NaN,NaN,NaN,NaN,NaN,NaN,NaN,NaN,|,22830,|,0
01:21:30,|,NaN,NaN,NaN,NaN,NaN,NaN,NaN,NaN,NaN,|,22890,|,0
01:22:30,|,NaN,NaN,NaN,NaN,NaN,NaN,NaN,NaN,NaN,|,22950,|,0
01:23:30,|,NaN,NaN,NaN,NaN,NaN,NaN,NaN,NaN,NaN,|,23010,|,0
01:24:30,|,NaN,NaN,NaN,NaN,NaN,NaN,NaN,NaN,NaN,|,23070,|,0
01:25:30,|,NaN,NaN,NaN,NaN,NaN,NaN,NaN,NaN,NaN,|,23130,|,0
01:26:30,|,NaN,NaN,NaN,NaN,NaN,NaN,NaN,NaN,NaN,|,23190,|,0
01:27:30,|,NaN,NaN,NaN,NaN,NaN,NaN,NaN,NaN,NaN,|,23250,|,0
01:28:30,|,NaN,NaN,NaN,NaN,NaN,NaN,NaN,NaN,NaN,|,23310,|,0
01:29:30,|,NaN,NaN,NaN,NaN,NaN,NaN,NaN,NaN,NaN,|,23370,|,0
01:30:30,|,NaN,NaN,NaN,NaN,NaN,NaN,NaN,NaN,NaN,|,23430,|,0
01:31:30,|,NaN,NaN,NaN,NaN,NaN,NaN,NaN,NaN,NaN,|,23490,|,0
01:32:30,|,NaN,NaN,NaN,NaN,NaN,NaN,NaN,NaN,NaN,|,23550,|,0
01:33:30,|,NaN,NaN,NaN,NaN,NaN,NaN,NaN,NaN,NaN,|,23610,|,0
01:34:30,|,NaN,NaN,NaN,NaN,NaN,NaN,NaN,NaN,NaN,|,23670,|,0
01:35:30,|,NaN,NaN,NaN,NaN,NaN,NaN,NaN,NaN,NaN,|,23730,|,0
01:36:30,|,NaN,NaN,NaN,NaN,NaN,NaN,NaN,NaN,NaN,|,23790,|,0
01:37:30,|,NaN,NaN,NaN,NaN,NaN,NaN,NaN,NaN,NaN,|,23850,|,0
01:38:30,|,NaN,NaN,NaN,NaN,NaN,NaN,NaN,NaN,NaN,|,23910,|,0
01:39:30,|,NaN,NaN,NaN,NaN,NaN,NaN,NaN,NaN,NaN,|,23970,|,0
01:40:30,|,NaN,NaN,NaN,NaN,NaN,NaN,NaN,NaN,NaN,|,24030,|,0
01:41:30,|,NaN,NaN,NaN,NaN,NaN,NaN,NaN,NaN,NaN,|,24090,|,0
01:42:30,|,NaN,NaN,NaN,NaN,NaN,NaN,NaN,NaN,NaN,|,24150,|,0
01:43:30,|,NaN,NaN,NaN,NaN,NaN,NaN,NaN,NaN,NaN,|,24210,|,0
01:44:30,|,NaN,NaN,NaN,NaN,NaN,NaN,NaN,NaN,NaN,|,24270,|,0
01:45:30,|,NaN,NaN,NaN,NaN,NaN,NaN,NaN,NaN,NaN,|,24330,|,0
01:46:30,|,NaN,NaN,NaN,NaN,NaN,NaN,NaN,NaN,NaN,|,24390,|,0
01:47:30,|,NaN,NaN,NaN,NaN,NaN,NaN,NaN,NaN,NaN,|,24450,|,0
01:48:30,|,NaN,NaN,NaN,NaN,NaN,NaN,NaN,NaN,NaN,|,24510,|,0
01:49:30,|,NaN,NaN,NaN,NaN,NaN,NaN,NaN,NaN,NaN,|,24570,|,0
01:50:30,|,NaN,NaN,NaN,NaN,NaN,NaN,NaN,NaN,NaN,|,24630,|,0
01:51:30,|,NaN,NaN,NaN,NaN,NaN,NaN,NaN,NaN,NaN,|,24690,|,0
01:52:30,|,NaN,NaN,NaN,NaN,NaN,NaN,NaN,NaN,NaN,|,24750,|,0
01:53:30,|,NaN,NaN,NaN,NaN,NaN,NaN,NaN,NaN,NaN,|,24810,|,0
01:54:30,|,NaN,NaN,NaN,NaN,NaN,NaN,NaN,NaN,NaN,|,24870,|,0
01:55:30,|,NaN,NaN,NaN,NaN,NaN,NaN,NaN,NaN,NaN,|,24930,|,0
01:56:30,|,NaN,NaN,NaN,NaN,NaN,NaN,NaN,NaN,NaN,|,24990,|,0
01:57:30,|,NaN,NaN,NaN,NaN,NaN,NaN,NaN,NaN,NaN,|,25050,|,0
01:58:30,|,NaN,NaN,NaN,NaN,NaN,NaN,NaN,NaN,NaN,|,25110,|,0
01:59:30,|,NaN,NaN,NaN,NaN,NaN,NaN,NaN,NaN,NaN,|,25170,|,0
02:00:30,|,NaN,NaN,NaN,NaN,NaN,NaN,NaN,NaN,NaN,|,25230,|,0
02:01:30,|,NaN,NaN,NaN,NaN,NaN,NaN,NaN,NaN,NaN,|,25290,|,0
02:02:30,|,NaN,NaN,NaN,NaN,NaN,NaN,NaN,NaN,NaN,|,25350,|,0
02:03:30,|,NaN,NaN,NaN,NaN,NaN,NaN,NaN,NaN,NaN,|,25410,|,0
02:04:30,|,NaN,NaN,NaN,NaN,NaN,NaN,NaN,NaN,NaN,|,25470,|,0
02:05:30,|,NaN,NaN,NaN,NaN,NaN,NaN,NaN,NaN,NaN,|,25530,|,0
02:06:30,|,NaN,NaN,NaN,NaN,NaN,NaN,NaN,NaN,NaN,|,25590,|,0
02:07:30,|,NaN,NaN,NaN,NaN,NaN,NaN,NaN,NaN,NaN,|,25650,|,0
02:08:30,|,NaN,NaN,NaN,NaN,NaN,NaN,NaN,NaN,NaN,|,25710,|,0
02:09:30,|,NaN,NaN,NaN,NaN,NaN,NaN,NaN,NaN,NaN,|,25770,|,0
02:10:30,|,NaN,NaN,NaN,NaN,NaN,NaN,NaN,NaN,NaN,|,25830,|,0
02:11:30,|,NaN,NaN,NaN,NaN,NaN,NaN,NaN,NaN,NaN,|,25890,|,0
02:12:30,|,NaN,NaN,NaN,NaN,NaN,NaN,NaN,NaN,NaN,|,25950,|,0
02:13:30,|,NaN,NaN,NaN,NaN,NaN,NaN,NaN,NaN,NaN,|,26010,|,0
02:14:30,|,NaN,NaN,NaN,NaN,NaN,NaN,NaN,NaN,NaN,|,26070,|,0
02:15:30,|,NaN,NaN,NaN,NaN,NaN,NaN,NaN,NaN,NaN,|,26130,|,0
02:16:30,|,NaN,NaN,NaN,NaN,NaN,NaN,NaN,NaN,NaN,|,26190,|,0
02:17:30,|,NaN,NaN,NaN,NaN,NaN,NaN,NaN,NaN,NaN,|,26250,|,0
02:18:30,|,NaN,NaN,NaN,NaN,NaN,NaN,NaN,NaN,NaN,|,26310,|,0
02:19:30,|,NaN,NaN,NaN,NaN,NaN,NaN,NaN,NaN,NaN,|,26370,|,0
02:20:30,|,NaN,NaN,NaN,NaN,NaN,NaN,NaN,NaN,NaN,|,26430,|,0
02:21:30,|,NaN,NaN,NaN,NaN,NaN,NaN,NaN,NaN,NaN,|,26490,|,0
02:22:30,|,NaN,NaN,NaN,NaN,NaN,NaN,NaN,NaN,NaN,|,26550,|,0
02:23:30,|,NaN,NaN,NaN,NaN,NaN,NaN,NaN,NaN,NaN,|,26610,|,0
02:24:30,|,NaN,NaN,NaN,NaN,NaN,NaN,NaN,NaN,NaN,|,26670,|,0
02:25:30,|,NaN,NaN,NaN,NaN,NaN,NaN,NaN,NaN,NaN,|,26730,|,0
02:26:30,|,NaN,NaN,NaN,NaN,NaN,NaN,NaN,NaN,NaN,|,26790,|,0
02:27:30,|,NaN,NaN,NaN,NaN,NaN,NaN,NaN,NaN,NaN,|,26850,|,0
02:28:30,|,NaN,NaN,NaN,NaN,NaN,NaN,NaN,NaN,NaN,|,26910,|,0
02:29:30,|,NaN,NaN,NaN,NaN,NaN,NaN,NaN,NaN,NaN,|,26970,|,0
02:30:30,|,NaN,NaN,NaN,NaN,NaN,NaN,NaN,NaN,NaN,|,27030,|,0
02:31:30,|,NaN,NaN,NaN,NaN,NaN,NaN,NaN,NaN,NaN,|,27090,|,0
02:32:30,|,NaN,NaN,NaN,NaN,NaN,NaN,NaN,NaN,NaN,|,27150,|,0
02:33:30,|,NaN,NaN,NaN,NaN,NaN,NaN,NaN,NaN,NaN,|,27210,|,0
02:34:30,|,NaN,NaN,NaN,NaN,NaN,NaN,NaN,NaN,NaN,|,27270,|,0
02:35:30,|,NaN,NaN,NaN,NaN,NaN,NaN,NaN,NaN,NaN,|,27330,|,0
02:36:30,|,NaN,NaN,NaN,NaN,NaN,NaN,NaN,NaN,NaN,|,27390,|,0
02:37:30,|,NaN,NaN,NaN,NaN,NaN,NaN,NaN,NaN,NaN,|,27450,|,0
02:38:30,|,NaN,NaN,NaN,NaN,NaN,NaN,NaN,NaN,NaN,|,27510,|,0
02:39:30,|,NaN,NaN,NaN,NaN,NaN,NaN,NaN,NaN,NaN,|,27570,|,0
02:40:30,|,NaN,NaN,NaN,NaN,NaN,NaN,NaN,NaN,NaN,|,27630,|,0
02:41:30,|,NaN,NaN,NaN,NaN,NaN,NaN,NaN,NaN,NaN,|,27690,|,0
02:42:30,|,NaN,NaN,NaN,NaN,NaN,NaN,NaN,NaN,NaN,|,27750,|,0
02:43:30,|,NaN,NaN,NaN,NaN,NaN,NaN,NaN,NaN,NaN,|,27810,|,0
02:44:30,|,NaN,NaN,NaN,NaN,NaN,NaN,NaN,NaN,NaN,|,27870,|,0
02:45:30,|,NaN,NaN,NaN,NaN,NaN,NaN,NaN,NaN,NaN,|,27930,|,0
02:46:30,|,NaN,NaN,NaN,NaN,NaN,NaN,NaN,NaN,NaN,|,27990,|,0
02:47:30,|,NaN,NaN,NaN,NaN,NaN,NaN,NaN,NaN,NaN,|,28050,|,0
02:48:30,|,NaN,NaN,NaN,NaN,NaN,NaN,NaN,NaN,NaN,|,28110,|,0
02:49:30,|,NaN,NaN,NaN,NaN,NaN,NaN,NaN,NaN,NaN,|,28170,|,0
02:50:30,|,NaN,NaN,NaN,NaN,NaN,NaN,NaN,NaN,NaN,|,28230,|,0
02:51:30,|,NaN,NaN,NaN,NaN,NaN,NaN,NaN,NaN,NaN,|,28290,|,0
02:52:30,|,NaN,NaN,NaN,NaN,NaN,NaN,NaN,NaN,NaN,|,28350,|,0
02:53:30,|,NaN,NaN,NaN,NaN,NaN,NaN,NaN,NaN,NaN,|,28410,|,0
02:54:30,|,NaN,NaN,NaN,NaN,NaN,NaN,NaN,NaN,NaN,|,28470,|,0
02:55:30,|,NaN,NaN,NaN,NaN,NaN,NaN,NaN,NaN,NaN,|,28530,|,0
02:56:30,|,NaN,NaN,NaN,NaN,NaN,NaN,NaN,NaN,NaN,|,28590,|,0
02:57:30,|,NaN,NaN,NaN,NaN,NaN,NaN,NaN,NaN,NaN,|,28650,|,0
02:58:30,|,NaN,NaN,NaN,NaN,NaN,NaN,NaN,NaN,NaN,|,28710,|,0
02:59:30,|,NaN,NaN,NaN,NaN,NaN,NaN,NaN,NaN,NaN,|,28770,|,0
03:00:30,|,NaN,NaN,NaN,NaN,NaN,NaN,NaN,NaN,NaN,|,28830,|,0
03:01:30,|,NaN,NaN,NaN,NaN,NaN,NaN,NaN,NaN,NaN,|,28890,|,0
03:02:30,|,NaN,NaN,NaN,NaN,NaN,NaN,NaN,NaN,NaN,|,28950,|,0
03:03:30,|,NaN,NaN,NaN,NaN,NaN,NaN,NaN,NaN,NaN,|,29010,|,0
03:04:30,|,NaN,NaN,NaN,NaN,NaN,NaN,NaN,NaN,NaN,|,29070,|,0
03:05:30,|,NaN,NaN,NaN,NaN,NaN,NaN,NaN,NaN,NaN,|,29130,|,0
03:06:30,|,NaN,NaN,NaN,NaN,NaN,NaN,NaN,NaN,NaN,|,29190,|,0
03:07:30,|,NaN,NaN,NaN,NaN,NaN,NaN,NaN,NaN,NaN,|,29250,|,0
03:08:30,|,NaN,NaN,NaN,NaN,NaN,NaN,NaN,NaN,NaN,|,29310,|,0
03:09:30,|,NaN,NaN,NaN,NaN,NaN,NaN,NaN,NaN,NaN,|,29370,|,0
03:10:30,|,NaN,NaN,NaN,NaN,NaN,NaN,NaN,NaN,NaN,|,29430,|,0
03:11:30,|,NaN,NaN,NaN,NaN,NaN,NaN,NaN,NaN,NaN,|,29490,|,0
03:12:30,|,NaN,NaN,NaN,NaN,NaN,NaN,NaN,NaN,NaN,|,29550,|,0
03:13:30,|,NaN,NaN,NaN,NaN,NaN,NaN,NaN,NaN,NaN,|,29610,|,0
03:14:30,|,NaN,NaN,NaN,NaN,NaN,NaN,NaN,NaN,NaN,|,29670,|,0
03:15:30,|,NaN,NaN,NaN,NaN,NaN,NaN,NaN,NaN,NaN,|,29730,|,0
03:16:30,|,NaN,NaN,NaN,NaN,NaN,NaN,NaN,NaN,NaN,|,29790,|,0
03:17:30,|,NaN,NaN,NaN,NaN,NaN,NaN,NaN,NaN,NaN,|,29850,|,0
03:18:30,|,NaN,NaN,NaN,NaN,NaN,NaN,NaN,NaN,NaN,|,29910,|,0
03:19:30,|,NaN,NaN,NaN,NaN,NaN,NaN,NaN,NaN,NaN,|,29970,|,0
03:20:30,|,NaN,NaN,NaN,NaN,NaN,NaN,NaN,NaN,NaN,|,30030,|,0
03:21:30,|,NaN,NaN,NaN,NaN,NaN,NaN,NaN,NaN,NaN,|,30090,|,0
03:22:30,|,NaN,NaN,NaN,NaN,NaN,NaN,NaN,NaN,NaN,|,30150,|,0
03:23:30,|,NaN,NaN,NaN,NaN,NaN,NaN,NaN,NaN,NaN,|,30210,|,0
03:24:30,|,NaN,NaN,NaN,NaN,NaN,NaN,NaN,NaN,NaN,|,30270,|,0
03:25:30,|,NaN,NaN,NaN,NaN,NaN,NaN,NaN,NaN,NaN,|,30330,|,0
03:26:30,|,NaN,NaN,NaN,NaN,NaN,NaN,NaN,NaN,NaN,|,30390,|,0
03:27:30,|,NaN,NaN,NaN,NaN,NaN,NaN,NaN,NaN,NaN,|,30450,|,0
03:28:30,|,NaN,NaN,NaN,NaN,NaN,NaN,NaN,NaN,NaN,|,30510,|,0
03:29:30,|,NaN,NaN,NaN,NaN,NaN,NaN,NaN,NaN,NaN,|,30570,|,0
03:30:30,|,NaN,NaN,NaN,NaN,NaN,NaN,NaN,NaN,NaN,|,30630,|,0
03:31:30,|,NaN,NaN,NaN,NaN,NaN,NaN,NaN,NaN,NaN,|,30690,|,0
03:32:30,|,NaN,NaN,NaN,NaN,NaN,NaN,NaN,NaN,NaN,|,30750,|,0
03:33:30,|,NaN,NaN,NaN,NaN,NaN,NaN,NaN,NaN,NaN,|,30810,|,0
03:34:30,|,NaN,NaN,NaN,NaN,NaN,NaN,NaN,NaN,NaN,|,30870,|,0
03:35:30,|,NaN,NaN,NaN,NaN,NaN,NaN,NaN,NaN,NaN,|,30930,|,0
03:36:30,|,NaN,NaN,NaN,NaN,NaN,NaN,NaN,NaN,NaN,|,30990,|,0
03:37:30,|,NaN,NaN,NaN,NaN,NaN,NaN,NaN,NaN,NaN,|,31050,|,0
03:38:30,|,NaN,NaN,NaN,NaN,NaN,NaN,NaN,NaN,NaN,|,31110,|,0
03:39:30,|,NaN,NaN,NaN,NaN,NaN,NaN,NaN,NaN,NaN,|,31170,|,0
03:40:30,|,NaN,NaN,NaN,NaN,NaN,NaN,NaN,NaN,NaN,|,31230,|,0
03:41:30,|,NaN,NaN,NaN,NaN,NaN,NaN,NaN,NaN,NaN,|,31290,|,0
03:42:30,|,NaN,NaN,NaN,NaN,NaN,NaN,NaN,NaN,NaN,|,31350,|,0
03:43:30,|,NaN,NaN,NaN,NaN,NaN,NaN,NaN,NaN,NaN,|,31410,|,0
03:44:30,|,NaN,NaN,NaN,NaN,NaN,NaN,NaN,NaN,NaN,|,31470,|,0
03:45:30,|,NaN,NaN,NaN,NaN,NaN,NaN,NaN,NaN,NaN,|,31530,|,0
03:46:30,|,NaN,NaN,NaN,NaN,NaN,NaN,NaN,NaN,NaN,|,31590,|,0
03:47:30,|,NaN,NaN,NaN,NaN,NaN,NaN,NaN,NaN,NaN,|,31650,|,0
03:48:30,|,NaN,NaN,NaN,NaN,NaN,NaN,NaN,NaN,NaN,|,31710,|,0
03:49:30,|,NaN,NaN,NaN,NaN,NaN,NaN,NaN,NaN,NaN,|,31770,|,0
03:50:30,|,NaN,NaN,NaN,NaN,NaN,NaN,NaN,NaN,NaN,|,31830,|,0
03:51:30,|,NaN,NaN,NaN,NaN,NaN,NaN,NaN,NaN,NaN,|,31890,|,0
03:52:30,|,NaN,NaN,NaN,NaN,NaN,NaN,NaN,NaN,NaN,|,31950,|,0
03:53:30,|,NaN,NaN,NaN,NaN,NaN,NaN,NaN,NaN,NaN,|,32010,|,0
03:54:30,|,NaN,NaN,NaN,NaN,NaN,NaN,NaN,NaN,NaN,|,32070,|,0
03:55:30,|,NaN,NaN,NaN,NaN,NaN,NaN,NaN,NaN,NaN,|,32130,|,0
03:56:30,|,NaN,NaN,NaN,NaN,NaN,NaN,NaN,NaN,NaN,|,32190,|,0
03:57:30,|,NaN,NaN,NaN,NaN,NaN,NaN,NaN,NaN,NaN,|,32250,|,0
03:58:30,|,NaN,NaN,NaN,NaN,NaN,NaN,NaN,NaN,NaN,|,32310,|,0
03:59:30,|,NaN,NaN,NaN,NaN,NaN,NaN,NaN,NaN,NaN,|,32370,|,0
04:00:30,|,NaN,NaN,NaN,NaN,NaN,NaN,NaN,NaN,NaN,|,32430,|,0
04:01:30,|,NaN,NaN,NaN,NaN,NaN,NaN,NaN,NaN,NaN,|,32490,|,0
04:02:30,|,NaN,NaN,NaN,NaN,NaN,NaN,NaN,NaN,NaN,|,32550,|,0
04:03:30,|,NaN,NaN,NaN,NaN,NaN,NaN,NaN,NaN,NaN,|,32610,|,0
04:04:30,|,NaN,NaN,NaN,NaN,NaN,NaN,NaN,NaN,NaN,|,32670,|,0
04:05:30,|,NaN,NaN,NaN,NaN,NaN,NaN,NaN,NaN,NaN,|,32730,|,0
04:06:30,|,NaN,NaN,NaN,NaN,NaN,NaN,NaN,NaN,NaN,|,32790,|,0
04:07:30,|,NaN,NaN,NaN,NaN,NaN,NaN,NaN,NaN,NaN,|,32850,|,0
04:08:30,|,NaN,NaN,NaN,NaN,NaN,NaN,NaN,NaN,NaN,|,32910,|,0
04:09:30,|,NaN,NaN,NaN,NaN,NaN,NaN,NaN,NaN,NaN,|,32970,|,0
04:10:30,|,NaN,NaN,NaN,NaN,NaN,NaN,NaN,NaN,NaN,|,33030,|,0
04:11:30,|,NaN,NaN,NaN,NaN,NaN,NaN,NaN,NaN,NaN,|,33090,|,0
04:12:30,|,NaN,NaN,NaN,NaN,NaN,NaN,NaN,NaN,NaN,|,33150,|,0
04:13:30,|,NaN,NaN,NaN,NaN,NaN,NaN,NaN,NaN,NaN,|,33210,|,0
04:14:30,|,NaN,NaN,NaN,NaN,NaN,NaN,NaN,NaN,NaN,|,33270,|,0
04:15:30,|,NaN,NaN,NaN,NaN,NaN,NaN,NaN,NaN,NaN,|,33330,|,0
04:16:30,|,NaN,NaN,NaN,NaN,NaN,NaN,NaN,NaN,NaN,|,33390,|,0
04:17:30,|,NaN,NaN,NaN,NaN,NaN,NaN,NaN,NaN,NaN,|,33450,|,0
04:18:30,|,NaN,NaN,NaN,NaN,NaN,NaN,NaN,NaN,NaN,|,33510,|,0
04:19:30,|,NaN,NaN,NaN,NaN,NaN,NaN,NaN,NaN,NaN,|,33570,|,0
04:20:30,|,NaN,NaN,NaN,NaN,NaN,NaN,NaN,NaN,NaN,|,33630,|,0
04:21:30,|,NaN,NaN,NaN,NaN,NaN,NaN,NaN,NaN,NaN,|,33690,|,0
04:22:30,|,NaN,NaN,NaN,NaN,NaN,NaN,NaN,NaN,NaN,|,33750,|,0
04:23:30,|,NaN,NaN,NaN,NaN,NaN,NaN,NaN,NaN,NaN,|,33810,|,0
04:24:30,|,NaN,NaN,NaN,NaN,NaN,NaN,NaN,NaN,NaN,|,33870,|,0
04:25:30,|,NaN,NaN,NaN,NaN,NaN,NaN,NaN,NaN,NaN,|,33930,|,0
04:26:30,|,NaN,NaN,NaN,NaN,NaN,NaN,NaN,NaN,NaN,|,33990,|,0
04:27:30,|,NaN,NaN,NaN,NaN,NaN,NaN,NaN,NaN,NaN,|,34050,|,0
04:28:30,|,NaN,NaN,NaN,NaN,NaN,NaN,NaN,NaN,NaN,|,34110,|,0
04:29:30,|,NaN,NaN,NaN,NaN,NaN,NaN,NaN,NaN,NaN,|,34170,|,0
04:30:30,|,NaN,NaN,NaN,NaN,NaN,NaN,NaN,NaN,NaN,|,34230,|,0
04:31:30,|,NaN,NaN,NaN,NaN,NaN,NaN,NaN,NaN,NaN,|,34290,|,0
04:32:30,|,NaN,NaN,NaN,NaN,NaN,NaN,NaN,NaN,NaN,|,34350,|,0
04:33:30,|,NaN,NaN,NaN,NaN,NaN,NaN,NaN,NaN,NaN,|,34410,|,0
04:34:30,|,NaN,NaN,NaN,NaN,NaN,NaN,NaN,NaN,NaN,|,34470,|,0
04:35:30,|,NaN,NaN,NaN,NaN,NaN,NaN,NaN,NaN,NaN,|,34530,|,0
04:36:30,|,NaN,NaN,NaN,NaN,NaN,NaN,NaN,NaN,NaN,|,34590,|,0
04:37:30,|,NaN,NaN,NaN,NaN,NaN,NaN,NaN,NaN,NaN,|,34650,|,0
04:38:30,|,NaN,NaN,NaN,NaN,NaN,NaN,NaN,NaN,NaN,|,34710,|,0
04:39:30,|,NaN,NaN,NaN,NaN,NaN,NaN,NaN,NaN,NaN,|,34770,|,0
04:40:30,|,NaN,NaN,NaN,NaN,NaN,NaN,NaN,NaN,NaN,|,34830,|,0
04:41:30,|,NaN,NaN,NaN,NaN,NaN,NaN,NaN,NaN,NaN,|,34890,|,0
04:42:30,|,NaN,NaN,NaN,NaN,NaN,NaN,NaN,NaN,NaN,|,34950,|,0
04:43:30,|,NaN,NaN,NaN,NaN,NaN,NaN,NaN,NaN,NaN,|,35010,|,0
04:44:30,|,NaN,NaN,NaN,NaN,NaN,NaN,NaN,NaN,NaN,|,35070,|,0
04:45:30,|,NaN,NaN,NaN,NaN,NaN,NaN,NaN,NaN,NaN,|,35130,|,0
04:46:30,|,NaN,NaN,NaN,NaN,NaN,NaN,NaN,NaN,NaN,|,35190,|,0
04:47:30,|,NaN,NaN,NaN,NaN,NaN,NaN,NaN,NaN,NaN,|,35250,|,0
04:48:30,|,NaN,NaN,NaN,NaN,NaN,NaN,NaN,NaN,NaN,|,35310,|,0
04:49:30,|,NaN,NaN,NaN,NaN,NaN,NaN,NaN,NaN,NaN,|,35370,|,0
04:50:30,|,NaN,NaN,NaN,NaN,NaN,NaN,NaN,NaN,NaN,|,35430,|,0
04:51:30,|,NaN,NaN,NaN,NaN,NaN,NaN,NaN,NaN,NaN,|,35490,|,0
04:52:30,|,NaN,NaN,NaN,NaN,NaN,NaN,NaN,NaN,NaN,|,35550,|,0
04:53:30,|,NaN,NaN,NaN,NaN,NaN,NaN,NaN,NaN,NaN,|,35610,|,0
04:54:30,|,NaN,NaN,NaN,NaN,NaN,NaN,NaN,NaN,NaN,|,35670,|,0
04:55:30,|,NaN,NaN,NaN,NaN,NaN,NaN,NaN,NaN,NaN,|,35730,|,0
04:56:30,|,NaN,NaN,NaN,NaN,NaN,NaN,NaN,NaN,NaN,|,35790,|,0
04:57:30,|,NaN,NaN,NaN,NaN,NaN,NaN,NaN,NaN,NaN,|,35850,|,0
04:58:30,|,NaN,NaN,NaN,NaN,NaN,NaN,NaN,NaN,NaN,|,35910,|,0
04:59:30,|,NaN,NaN,NaN,NaN,NaN,NaN,NaN,NaN,NaN,|,35970,|,0
05:00:30,|,NaN,NaN,NaN,NaN,NaN,NaN,NaN,NaN,NaN,|,36030,|,0
05:01:30,|,NaN,NaN,NaN,NaN,NaN,NaN,NaN,NaN,NaN,|,36090,|,0
05:02:30,|,NaN,NaN,NaN,NaN,NaN,NaN,NaN,NaN,NaN,|,36150,|,0
05:03:30,|,NaN,NaN,NaN,NaN,NaN,NaN,NaN,NaN,NaN,|,36210,|,0
05:04:30,|,NaN,NaN,NaN,NaN,NaN,NaN,NaN,NaN,NaN,|,36270,|,0
05:05:30,|,NaN,NaN,NaN,NaN,NaN,NaN,NaN,NaN,NaN,|,36330,|,0
05:06:30,|,NaN,NaN,NaN,NaN,NaN,NaN,NaN,NaN,NaN,|,36390,|,0
05:07:30,|,NaN,NaN,NaN,NaN,NaN,NaN,NaN,NaN,NaN,|,36450,|,0
05:08:30,|,NaN,NaN,NaN,NaN,NaN,NaN,NaN,NaN,NaN,|,36510,|,0
05:09:30,|,NaN,NaN,NaN,NaN,NaN,NaN,NaN,NaN,NaN,|,36570,|,0
05:10:30,|,NaN,NaN,NaN,NaN,NaN,NaN,NaN,NaN,NaN,|,36630,|,0
05:11:30,|,NaN,NaN,NaN,NaN,NaN,NaN,NaN,NaN,NaN,|,36690,|,0
05:12:30,|,NaN,NaN,NaN,NaN,NaN,NaN,NaN,NaN,NaN,|,36750,|,0
05:13:30,|,NaN,NaN,NaN,NaN,NaN,NaN,NaN,NaN,NaN,|,36810,|,0
05:14:30,|,NaN,NaN,NaN,NaN,NaN,NaN,NaN,NaN,NaN,|,36870,|,0
05:15:30,|,NaN,NaN,NaN,NaN,NaN,NaN,NaN,NaN,NaN,|,36930,|,0
05:16:30,|,NaN,NaN,NaN,NaN,NaN,NaN,NaN,NaN,NaN,|,36990,|,0
05:17:30,|,NaN,NaN,NaN,NaN,NaN,NaN,NaN,NaN,NaN,|,37050,|,0
05:18:30,|,NaN,NaN,NaN,NaN,NaN,NaN,NaN,NaN,NaN,|,37110,|,0
05:19:30,|,NaN,NaN,NaN,NaN,NaN,NaN,NaN,NaN,NaN,|,37170,|,0
05:20:30,|,NaN,NaN,NaN,NaN,NaN,NaN,NaN,NaN,NaN,|,37230,|,0
05:21:30,|,NaN,NaN,NaN,NaN,NaN,NaN,NaN,NaN,NaN,|,37290,|,0
05:22:30,|,NaN,NaN,NaN,NaN,NaN,NaN,NaN,NaN,NaN,|,37350,|,0
05:23:30,|,NaN,NaN,NaN,NaN,NaN,NaN,NaN,NaN,NaN,|,37410,|,0
05:24:30,|,NaN,NaN,NaN,NaN,NaN,NaN,NaN,NaN,NaN,|,37470,|,0
05:25:30,|,NaN,NaN,NaN,NaN,NaN,NaN,NaN,NaN,NaN,|,37530,|,0
05:26:30,|,NaN,NaN,NaN,NaN,NaN,NaN,NaN,NaN,NaN,|,37590,|,0
05:27:30,|,NaN,NaN,NaN,NaN,NaN,NaN,NaN,NaN,NaN,|,37650,|,0
05:28:30,|,NaN,NaN,NaN,NaN,NaN,NaN,NaN,NaN,NaN,|,37710,|,0
05:29:30,|,NaN,NaN,NaN,NaN,NaN,NaN,NaN,NaN,NaN,|,37770,|,0
05:30:30,|,NaN,NaN,NaN,NaN,NaN,NaN,NaN,NaN,NaN,|,37830,|,0
05:31:30,|,NaN,NaN,NaN,NaN,NaN,NaN,NaN,NaN,NaN,|,37890,|,0
05:32:30,|,NaN,NaN,NaN,NaN,NaN,NaN,NaN,NaN,NaN,|,37950,|,0
05:33:30,|,NaN,NaN,NaN,NaN,NaN,NaN,NaN,NaN,NaN,|,38010,|,0
05:34:30,|,NaN,NaN,NaN,NaN,NaN,NaN,NaN,NaN,NaN,|,38070,|,0
05:35:30,|,NaN,NaN,NaN,NaN,NaN,NaN,NaN,NaN,NaN,|,38130,|,0
05:36:30,|,NaN,NaN,NaN,NaN,NaN,NaN,NaN,NaN,NaN,|,38190,|,0
05:37:30,|,NaN,NaN,NaN,NaN,NaN,NaN,NaN,NaN,NaN,|,38250,|,0
05:38:30,|,NaN,NaN,NaN,NaN,NaN,NaN,NaN,NaN,NaN,|,38310,|,0
05:39:30,|,NaN,NaN,NaN,NaN,NaN,NaN,NaN,NaN,NaN,|,38370,|,0
05:40:30,|,NaN,NaN,NaN,NaN,NaN,NaN,NaN,NaN,NaN,|,38430,|,0
05:41:30,|,NaN,NaN,NaN,NaN,NaN,NaN,NaN,NaN,NaN,|,38490,|,0
05:42:30,|,NaN,NaN,NaN,NaN,NaN,NaN,NaN,NaN,NaN,|,38550,|,0
05:43:30,|,NaN,NaN,NaN,NaN,NaN,NaN,NaN,NaN,NaN,|,38610,|,0
05:44:30,|,NaN,NaN,NaN,NaN,NaN,NaN,NaN,NaN,NaN,|,38670,|,0
05:45:30,|,NaN,NaN,NaN,NaN,NaN,NaN,NaN,NaN,NaN,|,38730,|,0
05:46:30,|,NaN,NaN,NaN,NaN,NaN,NaN,NaN,NaN,NaN,|,38790,|,0
05:47:30,|,NaN,NaN,NaN,NaN,NaN,NaN,NaN,NaN,NaN,|,38850,|,0
05:48:30,|,NaN,NaN,NaN,NaN,NaN,NaN,NaN,NaN,NaN,|,38910,|,0
05:49:30,|,NaN,NaN,NaN,NaN,NaN,NaN,NaN,NaN,NaN,|,38970,|,0
05:50:30,|,NaN,NaN,NaN,NaN,NaN,NaN,NaN,NaN,NaN,|,39030,|,0
05:51:30,|,NaN,NaN,NaN,NaN,NaN,NaN,NaN,NaN,NaN,|,39090,|,0
05:52:30,|,NaN,NaN,NaN,NaN,NaN,NaN,NaN,NaN,NaN,|,39150,|,0
05:53:30,|,NaN,NaN,NaN,NaN,NaN,NaN,NaN,NaN,NaN,|,39210,|,0
05:54:30,|,NaN,NaN,NaN,NaN,NaN,NaN,NaN,NaN,NaN,|,39270,|,0
05:55:30,|,NaN,NaN,NaN,NaN,NaN,NaN,NaN,NaN,NaN,|,39330,|,0
05:56:30,|,NaN,NaN,NaN,NaN,NaN,NaN,NaN,NaN,NaN,|,39390,|,0
05:57:30,|,NaN,NaN,NaN,NaN,NaN,NaN,NaN,NaN,NaN,|,39450,|,0
05:58:30,|,NaN,NaN,NaN,NaN,NaN,NaN,NaN,NaN,NaN,|,39510,|,0
05:59:30,|,NaN,NaN,NaN,NaN,NaN,NaN,NaN,NaN,NaN,|,39570,|,0
06:00:30,|,NaN,NaN,NaN,NaN,NaN,NaN,NaN,NaN,NaN,|,39630,|,0
06:01:30,|,NaN,NaN,NaN,NaN,NaN,NaN,NaN,NaN,NaN,|,39690,|,0
06:02:30,|,NaN,NaN,NaN,NaN,NaN,NaN,NaN,NaN,NaN,|,39750,|,0
06:03:30,|,NaN,NaN,NaN,NaN,NaN,NaN,NaN,NaN,NaN,|,39810,|,0
06:04:30,|,NaN,NaN,NaN,NaN,NaN,NaN,NaN,NaN,NaN,|,39870,|,0
06:05:30,|,NaN,NaN,NaN,NaN,NaN,NaN,NaN,NaN,NaN,|,39930,|,0
06:06:30,|,NaN,NaN,NaN,NaN,NaN,NaN,NaN,NaN,NaN,|,39990,|,0
06:07:30,|,NaN,NaN,NaN,NaN,NaN,NaN,NaN,NaN,NaN,|,40050,|,0
06:08:30,|,NaN,NaN,NaN,NaN,NaN,NaN,NaN,NaN,NaN,|,40110,|,0
06:09:30,|,NaN,NaN,NaN,NaN,NaN,NaN,NaN,NaN,NaN,|,40170,|,0
06:10:30,|,NaN,NaN,NaN,NaN,NaN,NaN,NaN,NaN,NaN,|,40230,|,0
06:11:30,|,NaN,NaN,NaN,NaN,NaN,NaN,NaN,NaN,NaN,|,40290,|,0
06:12:30,|,NaN,NaN,NaN,NaN,NaN,NaN,NaN,NaN,NaN,|,40350,|,0
06:13:30,|,NaN,NaN,NaN,NaN,NaN,NaN,NaN,NaN,NaN,|,40410,|,0
06:14:30,|,NaN,NaN,NaN,NaN,NaN,NaN,NaN,NaN,NaN,|,40470,|,0
06:15:30,|,NaN,NaN,NaN,NaN,NaN,NaN,NaN,NaN,NaN,|,40530,|,0
06:16:30,|,NaN,NaN,NaN,NaN,NaN,NaN,NaN,NaN,NaN,|,40590,|,0
06:17:30,|,NaN,NaN,NaN,NaN,NaN,NaN,NaN,NaN,NaN,|,40650,|,0
06:18:30,|,NaN,NaN,NaN,NaN,NaN,NaN,NaN,NaN,NaN,|,40710,|,0
06:19:30,|,NaN,NaN,NaN,NaN,NaN,NaN,NaN,NaN,NaN,|,40770,|,0
06:20:30,|,NaN,NaN,NaN,NaN,NaN,NaN,NaN,NaN,NaN,|,40830,|,0
06:21:30,|,NaN,NaN,NaN,NaN,NaN,NaN,NaN,NaN,NaN,|,40890,|,0
06:22:30,|,NaN,NaN,NaN,NaN,NaN,NaN,NaN,NaN,NaN,|,40950,|,0
06:23:30,|,NaN,NaN,NaN,NaN,NaN,NaN,NaN,NaN,NaN,|,41010,|,0
06:24:30,|,NaN,NaN,NaN,NaN,NaN,NaN,NaN,NaN,NaN,|,41070,|,0
06:25:30,|,NaN,NaN,NaN,NaN,NaN,NaN,NaN,NaN,NaN,|,41130,|,0
06:26:30,|,NaN,NaN,NaN,NaN,NaN,NaN,NaN,NaN,NaN,|,41190,|,0
06:27:30,|,NaN,NaN,NaN,NaN,NaN,NaN,NaN,NaN,NaN,|,41250,|,0
06:28:30,|,NaN,NaN,NaN,NaN,NaN,NaN,NaN,NaN,NaN,|,41310,|,0
06:29:30,|,NaN,NaN,NaN,NaN,NaN,NaN,NaN,NaN,NaN,|,41370,|,0
06:30:30,|,NaN,NaN,NaN,NaN,NaN,NaN,NaN,NaN,NaN,|,41430,|,0
06:31:30,|,NaN,NaN,NaN,NaN,NaN,NaN,NaN,NaN,NaN,|,41490,|,0
06:32:30,|,NaN,NaN,NaN,NaN,NaN,NaN,NaN,NaN,NaN,|,41550,|,0
06:33:30,|,NaN,NaN,NaN,NaN,NaN,NaN,NaN,NaN,NaN,|,41610,|,0
06:34:30,|,NaN,NaN,NaN,NaN,NaN,NaN,NaN,NaN,NaN,|,41670,|,0
06:35:30,|,NaN,NaN,NaN,NaN,NaN,NaN,NaN,NaN,NaN,|,41730,|,0
06:36:30,|,NaN,NaN,NaN,NaN,NaN,NaN,NaN,NaN,NaN,|,41790,|,0
06:37:30,|,NaN,NaN,NaN,NaN,NaN,NaN,NaN,NaN,NaN,|,41850,|,0
06:38:30,|,NaN,NaN,NaN,NaN,NaN,NaN,NaN,NaN,NaN,|,41910,|,0
06:39:30,|,NaN,NaN,NaN,NaN,NaN,NaN,NaN,NaN,NaN,|,41970,|,0
06:40:30,|,NaN,NaN,NaN,NaN,NaN,NaN,NaN,NaN,NaN,|,42030,|,0
06:41:30,|,NaN,NaN,NaN,NaN,NaN,NaN,NaN,NaN,NaN,|,42090,|,0
06:42:30,|,NaN,NaN,NaN,NaN,NaN,NaN,NaN,NaN,NaN,|,42150,|,0
06:43:30,|,NaN,NaN,NaN,NaN,NaN,NaN,NaN,NaN,NaN,|,42210,|,0
06:44:30,|,NaN,NaN,NaN,NaN,NaN,NaN,NaN,NaN,NaN,|,42270,|,0
06:45:30,|,NaN,NaN,NaN,NaN,NaN,NaN,NaN,NaN,NaN,|,42330,|,0
06:46:30,|,NaN,NaN,NaN,NaN,NaN,NaN,NaN,NaN,NaN,|,42390,|,0
06:47:30,|,NaN,NaN,NaN,NaN,NaN,NaN,NaN,NaN,NaN,|,42450,|,0
06:48:30,|,NaN,NaN,NaN,NaN,NaN,NaN,NaN,NaN,NaN,|,42510,|,0
06:49:30,|,NaN,NaN,NaN,NaN,NaN,NaN,NaN,NaN,NaN,|,42570,|,0
06:50:30,|,NaN,NaN,NaN,NaN,NaN,NaN,NaN,NaN,NaN,|,42630,|,0
06:51:30,|,NaN,NaN,NaN,NaN,NaN,NaN,NaN,NaN,NaN,|,42690,|,0
06:52:30,|,NaN,NaN,NaN,NaN,NaN,NaN,NaN,NaN,NaN,|,42750,|,0
06:53:30,|,NaN,NaN,NaN,NaN,NaN,NaN,NaN,NaN,NaN,|,42810,|,0
06:54:30,|,NaN,NaN,NaN,NaN,NaN,NaN,NaN,NaN,NaN,|,42870,|,0
06:55:30,|,NaN,NaN,NaN,NaN,NaN,NaN,NaN,NaN,NaN,|,42930,|,0
06:56:30,|,NaN,NaN,NaN,NaN,NaN,NaN,NaN,NaN,NaN,|,42990,|,0
06:57:30,|,NaN,NaN,NaN,NaN,NaN,NaN,NaN,NaN,NaN,|,43050,|,0
06:58:30,|,NaN,NaN,NaN,NaN,NaN,NaN,NaN,NaN,NaN,|,43110,|,0
06:59:30,|,NaN,NaN,NaN,NaN,NaN,NaN,NaN,NaN,NaN,|,43170,|,0
07:00:30,|,NaN,NaN,NaN,NaN,NaN,NaN,NaN,NaN,NaN,|,43230,|,0
07:01:30,|,NaN,NaN,NaN,NaN,NaN,NaN,NaN,NaN,NaN,|,43290,|,0
07:02:30,|,NaN,NaN,NaN,NaN,NaN,NaN,NaN,NaN,NaN,|,43350,|,0
07:03:30,|,NaN,NaN,NaN,NaN,NaN,NaN,NaN,NaN,NaN,|,43410,|,0
07:04:30,|,NaN,NaN,NaN,NaN,NaN,NaN,NaN,NaN,NaN,|,43470,|,0
07:05:30,|,NaN,NaN,NaN,NaN,NaN,NaN,NaN,NaN,NaN,|,43530,|,0
07:06:30,|,NaN,NaN,NaN,NaN,NaN,NaN,NaN,NaN,NaN,|,43590,|,0
07:07:30,|,NaN,NaN,NaN,NaN,NaN,NaN,NaN,NaN,NaN,|,43650,|,0
07:08:30,|,NaN,NaN,NaN,NaN,NaN,NaN,NaN,NaN,NaN,|,43710,|,0
07:09:30,|,NaN,NaN,NaN,NaN,NaN,NaN,NaN,NaN,NaN,|,43770,|,0
07:10:30,|,NaN,NaN,NaN,NaN,NaN,NaN,NaN,NaN,NaN,|,43830,|,0
07:11:30,|,NaN,NaN,NaN,NaN,NaN,NaN,NaN,NaN,NaN,|,43890,|,0
07:12:30,|,NaN,NaN,NaN,NaN,NaN,NaN,NaN,NaN,NaN,|,43950,|,0
07:13:30,|,NaN,NaN,NaN,NaN,NaN,NaN,NaN,NaN,NaN,|,44010,|,0
07:14:30,|,NaN,NaN,NaN,NaN,NaN,NaN,NaN,NaN,NaN,|,44070,|,0
07:15:30,|,NaN,NaN,NaN,NaN,NaN,NaN,NaN,NaN,NaN,|,44130,|,0
07:16:30,|,NaN,NaN,NaN,NaN,NaN,NaN,NaN,NaN,NaN,|,44190,|,0
07:17:30,|,NaN,NaN,NaN,NaN,NaN,NaN,NaN,NaN,NaN,|,44250,|,0
07:18:30,|,NaN,NaN,NaN,NaN,NaN,NaN,NaN,NaN,NaN,|,44310,|,0
07:19:30,|,NaN,NaN,NaN,NaN,NaN,NaN,NaN,NaN,NaN,|,44370,|,0
07:20:30,|,NaN,NaN,NaN,NaN,NaN,NaN,NaN,NaN,NaN,|,44430,|,0
07:21:30,|,NaN,NaN,NaN,NaN,NaN,NaN,NaN,NaN,NaN,|,44490,|,0
07:22:30,|,NaN,NaN,NaN,NaN,NaN,NaN,NaN,NaN,NaN,|,44550,|,0
07:23:30,|,NaN,NaN,NaN,NaN,NaN,NaN,NaN,NaN,NaN,|,44610,|,0
07:24:30,|,NaN,NaN,NaN,NaN,NaN,NaN,NaN,NaN,NaN,|,44670,|,0
07:25:30,|,NaN,NaN,NaN,NaN,NaN,NaN,NaN,NaN,NaN,|,44730,|,0
07:26:30,|,NaN,NaN,NaN,NaN,NaN,NaN,NaN,NaN,NaN,|,44790,|,0
07:27:30,|,NaN,NaN,NaN,NaN,NaN,NaN,NaN,NaN,NaN,|,44850,|,0
07:28:30,|,NaN,NaN,NaN,NaN,NaN,NaN,NaN,NaN,NaN,|,44910,|,0
07:29:30,|,NaN,NaN,NaN,NaN,NaN,NaN,NaN,NaN,NaN,|,44970,|,0
07:30:30,|,NaN,NaN,NaN,NaN,NaN,NaN,NaN,NaN,NaN,|,45030,|,0
07:31:30,|,NaN,NaN,NaN,NaN,NaN,NaN,NaN,NaN,NaN,|,45090,|,0
07:32:30,|,NaN,NaN,NaN,NaN,NaN,NaN,NaN,NaN,NaN,|,45150,|,0
07:33:30,|,NaN,NaN,NaN,NaN,NaN,NaN,NaN,NaN,NaN,|,45210,|,0
07:34:30,|,NaN,NaN,NaN,NaN,NaN,NaN,NaN,NaN,NaN,|,45270,|,0
07:35:30,|,NaN,NaN,NaN,NaN,NaN,NaN,NaN,NaN,NaN,|,45330,|,0
07:36:30,|,NaN,NaN,NaN,NaN,NaN,NaN,NaN,NaN,NaN,|,45390,|,0
07:37:30,|,NaN,NaN,NaN,NaN,NaN,NaN,NaN,NaN,NaN,|,45450,|,0
07:38:30,|,NaN,NaN,NaN,NaN,NaN,NaN,NaN,NaN,NaN,|,45510,|,0
07:39:30,|,NaN,NaN,NaN,NaN,NaN,NaN,NaN,NaN,NaN,|,45570,|,0
07:40:30,|,NaN,NaN,NaN,NaN,NaN,NaN,NaN,NaN,NaN,|,45630,|,0
07:41:30,|,NaN,NaN,NaN,NaN,NaN,NaN,NaN,NaN,NaN,|,45690,|,0
07:42:30,|,NaN,NaN,NaN,NaN,NaN,NaN,NaN,NaN,NaN,|,45750,|,0
07:43:30,|,NaN,NaN,NaN,NaN,NaN,NaN,NaN,NaN,NaN,|,45810,|,0
07:44:30,|,NaN,NaN,NaN,NaN,NaN,NaN,NaN,NaN,NaN,|,45870,|,0
07:45:30,|,NaN,NaN,NaN,NaN,NaN,NaN,NaN,NaN,NaN,|,45930,|,0
07:46:30,|,NaN,NaN,NaN,NaN,NaN,NaN,NaN,NaN,NaN,|,45990,|,0
07:47:30,|,NaN,NaN,NaN,NaN,NaN,NaN,NaN,NaN,NaN,|,46050,|,0
07:48:30,|,NaN,NaN,NaN,NaN,NaN,NaN,NaN,NaN,NaN,|,46110,|,0
07:49:30,|,NaN,NaN,NaN,NaN,NaN,NaN,NaN,NaN,NaN,|,46170,|,0
07:50:30,|,NaN,NaN,NaN,NaN,NaN,NaN,NaN,NaN,NaN,|,46230,|,0
07:51:30,|,NaN,NaN,NaN,NaN,NaN,NaN,NaN,NaN,NaN,|,46290,|,0
07:52:30,|,NaN,NaN,NaN,NaN,NaN,NaN,NaN,NaN,NaN,|,46350,|,0
07:53:30,|,NaN,NaN,NaN,NaN,NaN,NaN,NaN,NaN,NaN,|,46410,|,0
07:54:30,|,NaN,NaN,NaN,NaN,NaN,NaN,NaN,NaN,NaN,|,46470,|,0
07:55:30,|,NaN,NaN,NaN,NaN,NaN,NaN,NaN,NaN,NaN,|,46530,|,0
07:56:30,|,NaN,NaN,NaN,NaN,NaN,NaN,NaN,NaN,NaN,|,46590,|,0
07:57:30,|,NaN,NaN,NaN,NaN,NaN,NaN,NaN,NaN,NaN,|,46650,|,0
07:58:30,|,NaN,NaN,NaN,NaN,NaN,NaN,NaN,NaN,NaN,|,46710,|,0
07:59:30,|,NaN,NaN,NaN,NaN,NaN,NaN,NaN,NaN,NaN,|,46770,|,0
08:00:30,|,NaN,NaN,NaN,NaN,NaN,NaN,NaN,NaN,NaN,|,46830,|,0
08:01:30,|,NaN,NaN,NaN,NaN,NaN,NaN,NaN,NaN,NaN,|,46890,|,0
08:02:30,|,NaN,NaN,NaN,NaN,NaN,NaN,NaN,NaN,NaN,|,46950,|,0
08:03:30,|,NaN,NaN,NaN,NaN,NaN,NaN,NaN,NaN,NaN,|,47010,|,0
08:04:30,|,NaN,NaN,NaN,NaN,NaN,NaN,NaN,NaN,NaN,|,47070,|,0
08:05:30,|,NaN,NaN,NaN,NaN,NaN,NaN,NaN,NaN,NaN,|,47130,|,0
08:06:30,|,NaN,NaN,NaN,NaN,NaN,NaN,NaN,NaN,NaN,|,47190,|,0
08:07:30,|,NaN,NaN,NaN,NaN,NaN,NaN,NaN,NaN,NaN,|,47250,|,0
08:08:30,|,NaN,NaN,NaN,NaN,NaN,NaN,NaN,NaN,NaN,|,47310,|,0
08:09:30,|,NaN,NaN,NaN,NaN,NaN,NaN,NaN,NaN,NaN,|,47370,|,0
08:10:30,|,NaN,NaN,NaN,NaN,NaN,NaN,NaN,NaN,NaN,|,47430,|,0
08:11:30,|,NaN,NaN,NaN,NaN,NaN,NaN,NaN,NaN,NaN,|,47490,|,0
08:12:30,|,NaN,NaN,NaN,NaN,NaN,NaN,NaN,NaN,NaN,|,47550,|,0
08:13:30,|,NaN,NaN,NaN,NaN,NaN,NaN,NaN,NaN,NaN,|,47610,|,0
08:14:30,|,NaN,NaN,NaN,NaN,NaN,NaN,NaN,NaN,NaN,|,47670,|,0
08:15:30,|,NaN,NaN,NaN,NaN,NaN,NaN,NaN,NaN,NaN,|,47730,|,0
08:16:30,|,NaN,NaN,NaN,NaN,NaN,NaN,NaN,NaN,NaN,|,47790,|,0
08:17:30,|,NaN,NaN,NaN,NaN,NaN,NaN,NaN,NaN,NaN,|,47850,|,0
08:18:30,|,NaN,NaN,NaN,NaN,NaN,NaN,NaN,NaN,NaN,|,47910,|,0
08:19:30,|,NaN,NaN,NaN,NaN,NaN,NaN,NaN,NaN,NaN,|,47970,|,0
08:20:30,|,NaN,NaN,NaN,NaN,NaN,NaN,NaN,NaN,NaN,|,48030,|,0
08:21:30,|,NaN,NaN,NaN,NaN,NaN,NaN,NaN,NaN,NaN,|,48090,|,0
08:22:30,|,NaN,NaN,NaN,NaN,NaN,NaN,NaN,NaN,NaN,|,48150,|,0
08:23:30,|,NaN,NaN,NaN,NaN,NaN,NaN,NaN,NaN,NaN,|,48210,|,0
08:24:30,|,NaN,NaN,NaN,NaN,NaN,NaN,NaN,NaN,NaN,|,48270,|,0
08:25:30,|,NaN,NaN,NaN,NaN,NaN,NaN,NaN,NaN,NaN,|,48330,|,0
08:26:30,|,NaN,NaN,NaN,NaN,NaN,NaN,NaN,NaN,NaN,|,48390,|,0
08:27:30,|,NaN,NaN,NaN,NaN,NaN,NaN,NaN,NaN,NaN,|,48450,|,0
08:28:30,|,NaN,NaN,NaN,NaN,NaN,NaN,NaN,NaN,NaN,|,48510,|,0
08:29:30,|,NaN,NaN,NaN,NaN,NaN,NaN,NaN,NaN,NaN,|,48570,|,0
08:30:30,|,NaN,NaN,NaN,NaN,NaN,NaN,NaN,NaN,NaN,|,48630,|,0
08:31:30,|,NaN,NaN,NaN,NaN,NaN,NaN,NaN,NaN,NaN,|,48690,|,0
08:32:30,|,NaN,NaN,NaN,NaN,NaN,NaN,NaN,NaN,NaN,|,48750,|,0
08:33:30,|,NaN,NaN,NaN,NaN,NaN,NaN,NaN,NaN,NaN,|,48810,|,0
08:34:30,|,NaN,NaN,NaN,NaN,NaN,NaN,NaN,NaN,NaN,|,48870,|,0
08:35:30,|,NaN,NaN,NaN,NaN,NaN,NaN,NaN,NaN,NaN,|,48930,|,0
08:36:30,|,NaN,NaN,NaN,NaN,NaN,NaN,NaN,NaN,NaN,|,48990,|,0
08:37:30,|,NaN,NaN,NaN,NaN,NaN,NaN,NaN,NaN,NaN,|,49050,|,0
08:38:30,|,NaN,NaN,NaN,NaN,NaN,NaN,NaN,NaN,NaN,|,49110,|,0
08:39:30,|,NaN,NaN,NaN,NaN,NaN,NaN,NaN,NaN,NaN,|,49170,|,0
08:40:30,|,NaN,NaN,NaN,NaN,NaN,NaN,NaN,NaN,NaN,|,49230,|,0
08:41:30,|,NaN,NaN,NaN,NaN,NaN,NaN,NaN,NaN,NaN,|,49290,|,0
08:42:30,|,NaN,NaN,NaN,NaN,NaN,NaN,NaN,NaN,NaN,|,49350,|,0
08:43:30,|,NaN,NaN,NaN,NaN,NaN,NaN,NaN,NaN,NaN,|,49410,|,0
08:44:30,|,NaN,NaN,NaN,NaN,NaN,NaN,NaN,NaN,NaN,|,49470,|,0
08:45:30,|,NaN,NaN,NaN,NaN,NaN,NaN,NaN,NaN,NaN,|,49530,|,0
08:46:30,|,NaN,NaN,NaN,NaN,NaN,NaN,NaN,NaN,NaN,|,49590,|,0
08:47:30,|,NaN,NaN,NaN,NaN,NaN,NaN,NaN,NaN,NaN,|,49650,|,0
08:48:30,|,NaN,NaN,NaN,NaN,NaN,NaN,NaN,NaN,NaN,|,49710,|,0
08:49:30,|,NaN,NaN,NaN,NaN,NaN,NaN,NaN,NaN,NaN,|,49770,|,0
08:50:30,|,NaN,NaN,NaN,NaN,NaN,NaN,NaN,NaN,NaN,|,49830,|,0
08:51:30,|,NaN,NaN,NaN,NaN,NaN,NaN,NaN,NaN,NaN,|,49890,|,0
08:52:30,|,NaN,NaN,NaN,NaN,NaN,NaN,NaN,NaN,NaN,|,49950,|,0
08:53:30,|,NaN,NaN,NaN,NaN,NaN,NaN,NaN,NaN,NaN,|,50010,|,0
08:54:30,|,NaN,NaN,NaN,NaN,NaN,NaN,NaN,NaN,NaN,|,50070,|,0
08:55:30,|,NaN,NaN,NaN,NaN,NaN,NaN,NaN,NaN,NaN,|,50130,|,0
08:56:30,|,NaN,NaN,NaN,NaN,NaN,NaN,NaN,NaN,NaN,|,50190,|,0
08:57:30,|,NaN,NaN,NaN,NaN,NaN,NaN,NaN,NaN,NaN,|,50250,|,0
08:58:30,|,NaN,NaN,NaN,NaN,NaN,NaN,NaN,NaN,NaN,|,50310,|,0
08:59:30,|,NaN,NaN,NaN,NaN,NaN,NaN,NaN,NaN,NaN,|,50370,|,0
09:00:30,|,NaN,NaN,NaN,NaN,NaN,NaN,NaN,NaN,NaN,|,50430,|,0
09:01:30,|,NaN,NaN,NaN,NaN,NaN,NaN,NaN,NaN,NaN,|,50490,|,0
09:02:30,|,NaN,NaN,NaN,NaN,NaN,NaN,NaN,NaN,NaN,|,50550,|,0
09:03:30,|,NaN,NaN,NaN,NaN,NaN,NaN,NaN,NaN,NaN,|,50610,|,0
09:04:30,|,NaN,NaN,NaN,NaN,NaN,NaN,NaN,NaN,NaN,|,50670,|,0
09:05:30,|,NaN,NaN,NaN,NaN,NaN,NaN,NaN,NaN,NaN,|,50730,|,0
09:06:30,|,NaN,NaN,NaN,NaN,NaN,NaN,NaN,NaN,NaN,|,50790,|,0
09:07:30,|,NaN,NaN,NaN,NaN,NaN,NaN,NaN,NaN,NaN,|,50850,|,0
09:08:30,|,NaN,NaN,NaN,NaN,NaN,NaN,NaN,NaN,NaN,|,50910,|,0
09:09:30,|,NaN,NaN,NaN,NaN,NaN,NaN,NaN,NaN,NaN,|,50970,|,0
09:10:30,|,NaN,NaN,NaN,NaN,NaN,NaN,NaN,NaN,NaN,|,51030,|,0
09:11:30,|,NaN,NaN,NaN,NaN,NaN,NaN,NaN,NaN,NaN,|,51090,|,0
09:12:30,|,NaN,NaN,NaN,NaN,NaN,NaN,NaN,NaN,NaN,|,51150,|,0
09:13:30,|,NaN,NaN,NaN,NaN,NaN,NaN,NaN,NaN,NaN,|,51210,|,0
09:14:30,|,NaN,NaN,NaN,NaN,NaN,NaN,NaN,NaN,NaN,|,51270,|,0
09:15:30,|,NaN,NaN,NaN,NaN,NaN,NaN,NaN,NaN,NaN,|,51330,|,0
09:16:30,|,NaN,NaN,NaN,NaN,NaN,NaN,NaN,NaN,NaN,|,51390,|,0
09:17:30,|,NaN,NaN,NaN,NaN,NaN,NaN,NaN,NaN,NaN,|,51450,|,0
09:18:30,|,NaN,NaN,NaN,NaN,NaN,NaN,NaN,NaN,NaN,|,51510,|,0
09:19:30,|,NaN,NaN,NaN,NaN,NaN,NaN,NaN,NaN,NaN,|,51570,|,0
09:20:30,|,NaN,NaN,NaN,NaN,NaN,NaN,NaN,NaN,NaN,|,51630,|,0
09:21:30,|,NaN,NaN,NaN,NaN,NaN,NaN,NaN,NaN,NaN,|,51690,|,0
09:22:30,|,NaN,NaN,NaN,NaN,NaN,NaN,NaN,NaN,NaN,|,51750,|,0
09:23:30,|,NaN,NaN,NaN,NaN,NaN,NaN,NaN,NaN,NaN,|,51810,|,0
09:24:30,|,NaN,NaN,NaN,NaN,NaN,NaN,NaN,NaN,NaN,|,51870,|,0
09:25:30,|,NaN,NaN,NaN,NaN,NaN,NaN,NaN,NaN,NaN,|,51930,|,0
09:26:30,|,NaN,NaN,NaN,NaN,NaN,NaN,NaN,NaN,NaN,|,51990,|,0
09:27:30,|,NaN,NaN,NaN,NaN,NaN,NaN,NaN,NaN,NaN,|,52050,|,0
09:28:30,|,NaN,NaN,NaN,NaN,NaN,NaN,NaN,NaN,NaN,|,52110,|,0
09:29:30,|,NaN,NaN,NaN,NaN,NaN,NaN,NaN,NaN,NaN,|,52170,|,0
09:30:30,|,NaN,NaN,NaN,NaN,NaN,NaN,NaN,NaN,NaN,|,52230,|,0
09:31:30,|,NaN,NaN,NaN,NaN,NaN,NaN,NaN,NaN,NaN,|,52290,|,0
09:32:30,|,NaN,NaN,NaN,NaN,NaN,NaN,NaN,NaN,NaN,|,52350,|,0
09:33:30,|,NaN,NaN,NaN,NaN,NaN,NaN,NaN,NaN,NaN,|,52410,|,0
09:34:30,|,NaN,NaN,NaN,NaN,NaN,NaN,NaN,NaN,NaN,|,52470,|,0
09:35:30,|,NaN,NaN,NaN,NaN,NaN,NaN,NaN,NaN,NaN,|,52530,|,0
09:36:30,|,NaN,NaN,NaN,NaN,NaN,NaN,NaN,NaN,NaN,|,52590,|,0
09:37:30,|,NaN,NaN,NaN,NaN,NaN,NaN,NaN,NaN,NaN,|,52650,|,0
09:38:30,|,NaN,NaN,NaN,NaN,NaN,NaN,NaN,NaN,NaN,|,52710,|,0
09:39:30,|,NaN,NaN,NaN,NaN,NaN,NaN,NaN,NaN,NaN,|,52770,|,0
09:40:30,|,NaN,NaN,NaN,NaN,NaN,NaN,NaN,NaN,NaN,|,52830,|,0
09:41:30,|,NaN,NaN,NaN,NaN,NaN,NaN,NaN,NaN,NaN,|,52890,|,0
09:42:30,|,NaN,NaN,NaN,NaN,NaN,NaN,NaN,NaN,NaN,|,52950,|,0
09:43:30,|,NaN,NaN,NaN,NaN,NaN,NaN,NaN,NaN,NaN,|,53010,|,0
09:44:30,|,NaN,NaN,NaN,NaN,NaN,NaN,NaN,NaN,NaN,|,53070,|,0
09:45:30,|,NaN,NaN,NaN,NaN,NaN,NaN,NaN,NaN,NaN,|,53130,|,0
09:46:30,|,NaN,NaN,NaN,NaN,NaN,NaN,NaN,NaN,NaN,|,53190,|,0
09:47:30,|,NaN,NaN,NaN,NaN,NaN,NaN,NaN,NaN,NaN,|,53250,|,0
09:48:30,|,NaN,NaN,NaN,NaN,NaN,NaN,NaN,NaN,NaN,|,53310,|,0
09:49:30,|,NaN,NaN,NaN,NaN,NaN,NaN,NaN,NaN,NaN,|,53370,|,0
09:50:30,|,NaN,NaN,NaN,NaN,NaN,NaN,NaN,NaN,NaN,|,53430,|,0
09:51:30,|,NaN,NaN,NaN,NaN,NaN,NaN,NaN,NaN,NaN,|,53490,|,0
09:52:30,|,NaN,NaN,NaN,NaN,NaN,NaN,NaN,NaN,NaN,|,53550,|,0
09:53:30,|,NaN,NaN,NaN,NaN,NaN,NaN,NaN,NaN,NaN,|,53610,|,0
09:54:30,|,NaN,NaN,NaN,NaN,NaN,NaN,NaN,NaN,NaN,|,53670,|,0
09:55:30,|,NaN,NaN,NaN,NaN,NaN,NaN,NaN,NaN,NaN,|,53730,|,0
09:56:30,|,NaN,NaN,NaN,NaN,NaN,NaN,NaN,NaN,NaN,|,53790,|,0
09:57:30,|,NaN,NaN,NaN,NaN,NaN,NaN,NaN,NaN,NaN,|,53850,|,0
09:58:30,|,NaN,NaN,NaN,NaN,NaN,NaN,NaN,NaN,NaN,|,53910,|,0
09:59:30,|,NaN,NaN,NaN,NaN,NaN,NaN,NaN,NaN,NaN,|,53970,|,0
10:00:30,|,NaN,NaN,NaN,NaN,NaN,NaN,NaN,NaN,NaN,|,54030,|,0
10:01:30,|,NaN,NaN,NaN,NaN,NaN,NaN,NaN,NaN,NaN,|,54090,|,0
10:02:30,|,NaN,NaN,NaN,NaN,NaN,NaN,NaN,NaN,NaN,|,54150,|,0
10:03:30,|,NaN,NaN,NaN,NaN,NaN,NaN,NaN,NaN,NaN,|,54210,|,0
10:04:30,|,NaN,NaN,NaN,NaN,NaN,NaN,NaN,NaN,NaN,|,54270,|,0
10:05:30,|,NaN,NaN,NaN,NaN,NaN,NaN,NaN,NaN,NaN,|,54330,|,0
10:06:30,|,NaN,NaN,NaN,NaN,NaN,NaN,NaN,NaN,NaN,|,54390,|,0
10:07:30,|,NaN,NaN,NaN,NaN,NaN,NaN,NaN,NaN,NaN,|,54450,|,0
10:08:30,|,NaN,NaN,NaN,NaN,NaN,NaN,NaN,NaN,NaN,|,54510,|,0
10:09:30,|,NaN,NaN,NaN,NaN,NaN,NaN,NaN,NaN,NaN,|,54570,|,0
10:10:30,|,NaN,NaN,NaN,NaN,NaN,NaN,NaN,NaN,NaN,|,54630,|,0
10:11:30,|,NaN,NaN,NaN,NaN,NaN,NaN,NaN,NaN,NaN,|,54690,|,0
10:12:30,|,NaN,NaN,NaN,NaN,NaN,NaN,NaN,NaN,NaN,|,54750,|,0
10:13:30,|,NaN,NaN,NaN,NaN,NaN,NaN,NaN,NaN,NaN,|,54810,|,0
10:14:30,|,NaN,NaN,NaN,NaN,NaN,NaN,NaN,NaN,NaN,|,54870,|,0
10:15:30,|,NaN,NaN,NaN,NaN,NaN,NaN,NaN,NaN,NaN,|,54930,|,0
10:16:30,|,NaN,NaN,NaN,NaN,NaN,NaN,NaN,NaN,NaN,|,54990,|,0
10:17:30,|,NaN,NaN,NaN,NaN,NaN,NaN,NaN,NaN,NaN,|,55050,|,0
10:18:30,|,NaN,NaN,NaN,NaN,NaN,NaN,NaN,NaN,NaN,|,55110,|,0
10:19:30,|,NaN,NaN,NaN,NaN,NaN,NaN,NaN,NaN,NaN,|,55170,|,0
10:20:30,|,NaN,NaN,NaN,NaN,NaN,NaN,NaN,NaN,NaN,|,55230,|,0
10:21:30,|,NaN,NaN,NaN,NaN,NaN,NaN,NaN,NaN,NaN,|,55290,|,0
10:22:30,|,NaN,NaN,NaN,NaN,NaN,NaN,NaN,NaN,NaN,|,55350,|,0
10:23:30,|,NaN,NaN,NaN,NaN,NaN,NaN,NaN,NaN,NaN,|,55410,|,0
10:24:30,|,NaN,NaN,NaN,NaN,NaN,NaN,NaN,NaN,NaN,|,55470,|,0
10:25:30,|,NaN,NaN,NaN,NaN,NaN,NaN,NaN,NaN,NaN,|,55530,|,0
10:26:30,|,NaN,NaN,NaN,NaN,NaN,NaN,NaN,NaN,NaN,|,55590,|,0
10:27:30,|,NaN,NaN,NaN,NaN,NaN,NaN,NaN,NaN,NaN,|,55650,|,0
10:28:30,|,NaN,NaN,NaN,NaN,NaN,NaN,NaN,NaN,NaN,|,55710,|,0
10:29:30,|,NaN,NaN,NaN,NaN,NaN,NaN,NaN,NaN,NaN,|,55770,|,0
10:30:30,|,NaN,NaN,NaN,NaN,NaN,NaN,NaN,NaN,NaN,|,55830,|,0
10:31:30,|,NaN,NaN,NaN,NaN,NaN,NaN,NaN,NaN,NaN,|,55890,|,0
10:32:30,|,NaN,NaN,NaN,NaN,NaN,NaN,NaN,NaN,NaN,|,55950,|,0
10:33:30,|,NaN,NaN,NaN,NaN,NaN,NaN,NaN,NaN,NaN,|,56010,|,0
10:34:30,|,NaN,NaN,NaN,NaN,NaN,NaN,NaN,NaN,NaN,|,56070,|,0
10:35:30,|,NaN,NaN,NaN,NaN,NaN,NaN,NaN,NaN,NaN,|,56130,|,0
10:36:30,|,NaN,NaN,NaN,NaN,NaN,NaN,NaN,NaN,NaN,|,56190,|,0
10:37:30,|,NaN,NaN,NaN,NaN,NaN,NaN,NaN,NaN,NaN,|,56250,|,0
10:38:30,|,NaN,NaN,NaN,NaN,NaN,NaN,NaN,NaN,NaN,|,56310,|,0
10:39:30,|,NaN,NaN,NaN,NaN,NaN,NaN,NaN,NaN,NaN,|,56370,|,0
10:40:30,|,NaN,NaN,NaN,NaN,NaN,NaN,NaN,NaN,NaN,|,56430,|,0
10:41:30,|,NaN,NaN,NaN,NaN,NaN,NaN,NaN,NaN,NaN,|,56490,|,0
10:42:30,|,NaN,NaN,NaN,NaN,NaN,NaN,NaN,NaN,NaN,|,56550,|,0
10:43:30,|,NaN,NaN,NaN,NaN,NaN,NaN,NaN,NaN,NaN,|,56610,|,0
10:44:30,|,NaN,NaN,NaN,NaN,NaN,NaN,NaN,NaN,NaN,|,56670,|,0
10:45:30,|,NaN,NaN,NaN,NaN,NaN,NaN,NaN,NaN,NaN,|,56730,|,0
10:46:30,|,NaN,NaN,NaN,NaN,NaN,NaN,NaN,NaN,NaN,|,56790,|,0
10:47:30,|,NaN,NaN,NaN,NaN,NaN,NaN,NaN,NaN,NaN,|,56850,|,0
10:48:30,|,NaN,NaN,NaN,NaN,NaN,NaN,NaN,NaN,NaN,|,56910,|,0
10:49:30,|,NaN,NaN,NaN,NaN,NaN,NaN,NaN,NaN,NaN,|,56970,|,0
10:50:30,|,NaN,NaN,NaN,NaN,NaN,NaN,NaN,NaN,NaN,|,57030,|,0
10:51:30,|,NaN,NaN,NaN,NaN,NaN,NaN,NaN,NaN,NaN,|,57090,|,0
10:52:30,|,NaN,NaN,NaN,NaN,NaN,NaN,NaN,NaN,NaN,|,57150,|,0
10:53:30,|,NaN,NaN,NaN,NaN,NaN,NaN,NaN,NaN,NaN,|,57210,|,0
10:54:30,|,NaN,NaN,NaN,NaN,NaN,NaN,NaN,NaN,NaN,|,57270,|,0
10:55:30,|,NaN,NaN,NaN,NaN,NaN,NaN,NaN,NaN,NaN,|,57330,|,0
10:56:30,|,NaN,NaN,NaN,NaN,NaN,NaN,NaN,NaN,NaN,|,57390,|,0
10:57:30,|,NaN,NaN,NaN,NaN,NaN,NaN,NaN,NaN,NaN,|,57450,|,0
10:58:30,|,NaN,NaN,NaN,NaN,NaN,NaN,NaN,NaN,NaN,|,57510,|,0
10:59:30,|,NaN,NaN,NaN,NaN,NaN,NaN,NaN,NaN,NaN,|,57570,|,0
11:00:30,|,NaN,NaN,NaN,NaN,NaN,NaN,NaN,NaN,NaN,|,57630,|,0
11:01:30,|,NaN,NaN,NaN,NaN,NaN,NaN,NaN,NaN,NaN,|,57690,|,0
11:02:30,|,NaN,NaN,NaN,NaN,NaN,NaN,NaN,NaN,NaN,|,57750,|,0
11:03:30,|,NaN,NaN,NaN,NaN,NaN,NaN,NaN,NaN,NaN,|,57810,|,0
11:04:30,|,NaN,NaN,NaN,NaN,NaN,NaN,NaN,NaN,NaN,|,57870,|,0
11:05:30,|,NaN,NaN,NaN,NaN,NaN,NaN,NaN,NaN,NaN,|,57930,|,0
11:06:30,|,NaN,NaN,NaN,NaN,NaN,NaN,NaN,NaN,NaN,|,57990,|,0
11:07:30,|,NaN,NaN,NaN,NaN,NaN,NaN,NaN,NaN,NaN,|,58050,|,0
11:08:30,|,NaN,NaN,NaN,NaN,NaN,NaN,NaN,NaN,NaN,|,58110,|,0
11:09:30,|,NaN,NaN,NaN,NaN,NaN,NaN,NaN,NaN,NaN,|,58170,|,0
11:10:30,|,NaN,NaN,NaN,NaN,NaN,NaN,NaN,NaN,NaN,|,58230,|,0
11:11:30,|,NaN,NaN,NaN,NaN,NaN,NaN,NaN,NaN,NaN,|,58290,|,0
11:12:30,|,NaN,NaN,NaN,NaN,NaN,NaN,NaN,NaN,NaN,|,58350,|,0
11:13:30,|,NaN,NaN,NaN,NaN,NaN,NaN,NaN,NaN,NaN,|,58410,|,0
11:14:30,|,NaN,NaN,NaN,NaN,NaN,NaN,NaN,NaN,NaN,|,58470,|,0
11:15:30,|,NaN,NaN,NaN,NaN,NaN,NaN,NaN,NaN,NaN,|,58530,|,0
11:16:30,|,NaN,NaN,NaN,NaN,NaN,NaN,NaN,NaN,NaN,|,58590,|,0
11:17:30,|,NaN,NaN,NaN,NaN,NaN,NaN,NaN,NaN,NaN,|,58650,|,0
11:18:30,|,NaN,NaN,NaN,NaN,NaN,NaN,NaN,NaN,NaN,|,58710,|,0
11:19:30,|,NaN,NaN,NaN,NaN,NaN,NaN,NaN,NaN,NaN,|,58770,|,0
11:20:30,|,NaN,NaN,NaN,NaN,NaN,NaN,NaN,NaN,NaN,|,58830,|,0
11:21:30,|,NaN,NaN,NaN,NaN,NaN,NaN,NaN,NaN,NaN,|,58890,|,0
11:22:30,|,NaN,NaN,NaN,NaN,NaN,NaN,NaN,NaN,NaN,|,58950,|,0
11:23:30,|,NaN,NaN,NaN,NaN,NaN,NaN,NaN,NaN,NaN,|,59010,|,0
11:24:30,|,NaN,NaN,NaN,NaN,NaN,NaN,NaN,NaN,NaN,|,59070,|,0
11:25:30,|,NaN,NaN,NaN,NaN,NaN,NaN,NaN,NaN,NaN,|,59130,|,0
11:26:30,|,NaN,NaN,NaN,NaN,NaN,NaN,NaN,NaN,NaN,|,59190,|,0
11:27:30,|,NaN,NaN,NaN,NaN,NaN,NaN,NaN,NaN,NaN,|,59250,|,0
11:28:30,|,NaN,NaN,NaN,NaN,NaN,NaN,NaN,NaN,NaN,|,59310,|,0
11:29:30,|,NaN,NaN,NaN,NaN,NaN,NaN,NaN,NaN,NaN,|,59370,|,0
11:30:30,|,NaN,NaN,NaN,NaN,NaN,NaN,NaN,NaN,NaN,|,59430,|,0
11:31:30,|,NaN,NaN,NaN,NaN,NaN,NaN,NaN,NaN,NaN,|,59490,|,0
11:32:30,|,NaN,NaN,NaN,NaN,NaN,NaN,NaN,NaN,NaN,|,59550,|,0
11:33:30,|,NaN,NaN,NaN,NaN,NaN,NaN,NaN,NaN,NaN,|,59610,|,0
11:34:30,|,NaN,NaN,NaN,NaN,NaN,NaN,NaN,NaN,NaN,|,59670,|,0
11:35:30,|,NaN,NaN,NaN,NaN,NaN,NaN,NaN,NaN,NaN,|,59730,|,0
11:36:30,|,NaN,NaN,NaN,NaN,NaN,NaN,NaN,NaN,NaN,|,59790,|,0
11:37:30,|,NaN,NaN,NaN,NaN,NaN,NaN,NaN,NaN,NaN,|,59850,|,0
11:38:30,|,NaN,NaN,NaN,NaN,NaN,NaN,NaN,NaN,NaN,|,59910,|,0
11:39:30,|,NaN,NaN,NaN,NaN,NaN,NaN,NaN,NaN,NaN,|,59970,|,0
11:40:30,|,NaN,NaN,NaN,NaN,NaN,NaN,NaN,NaN,NaN,|,60030,|,0
11:41:30,|,NaN,NaN,NaN,NaN,NaN,NaN,NaN,NaN,NaN,|,60090,|,0
11:42:30,|,NaN,NaN,NaN,NaN,NaN,NaN,NaN,NaN,NaN,|,60150,|,0
11:43:30,|,NaN,NaN,NaN,NaN,NaN,NaN,NaN,NaN,NaN,|,60210,|,0
11:44:30,|,NaN,NaN,NaN,NaN,NaN,NaN,NaN,NaN,NaN,|,60270,|,0
11:45:30,|,NaN,NaN,NaN,NaN,NaN,NaN,NaN,NaN,NaN,|,60330,|,0
11:46:30,|,NaN,NaN,NaN,NaN,NaN,NaN,NaN,NaN,NaN,|,60390,|,0
11:47:30,|,NaN,NaN,NaN,NaN,NaN,NaN,NaN,NaN,NaN,|,60450,|,0
11:48:30,|,NaN,NaN,NaN,NaN,NaN,NaN,NaN,NaN,NaN,|,60510,|,0
11:49:30,|,NaN,NaN,NaN,NaN,NaN,NaN,NaN,NaN,NaN,|,60570,|,0
11:50:30,|,NaN,NaN,NaN,NaN,NaN,NaN,NaN,NaN,NaN,|,60630,|,0
11:51:30,|,NaN,NaN,NaN,NaN,NaN,NaN,NaN,NaN,NaN,|,60690,|,0
11:52:30,|,NaN,NaN,NaN,NaN,NaN,NaN,NaN,NaN,NaN,|,60750,|,0
11:53:30,|,NaN,NaN,NaN,NaN,NaN,NaN,NaN,NaN,NaN,|,60810,|,0
11:54:30,|,NaN,NaN,NaN,NaN,NaN,NaN,NaN,NaN,NaN,|,60870,|,0
11:55:30,|,NaN,NaN,NaN,NaN,NaN,NaN,NaN,NaN,NaN,|,60930,|,0
11:56:30,|,NaN,NaN,NaN,NaN,NaN,NaN,NaN,NaN,NaN,|,60990,|,0
11:57:30,|,NaN,NaN,NaN,NaN,NaN,NaN,NaN,NaN,NaN,|,61050,|,0
11:58:30,|,NaN,NaN,NaN,NaN,NaN,NaN,NaN,NaN,NaN,|,61110,|,0
11:59:30,|,NaN,NaN,NaN,NaN,NaN,NaN,NaN,NaN,NaN,|,61170,|,0
12:00:30,|,NaN,NaN,NaN,NaN,NaN,NaN,NaN,NaN,NaN,|,61230,|,0
12:01:30,|,NaN,NaN,NaN,NaN,NaN,NaN,NaN,NaN,NaN,|,61290,|,0
12:02:30,|,NaN,NaN,NaN,NaN,NaN,NaN,NaN,NaN,NaN,|,61350,|,0
12:03:30,|,NaN,NaN,NaN,NaN,NaN,NaN,NaN,NaN,NaN,|,61410,|,0
12:04:30,|,NaN,NaN,NaN,NaN,NaN,NaN,NaN,NaN,NaN,|,61470,|,0
12:05:30,|,NaN,NaN,NaN,NaN,NaN,NaN,NaN,NaN,NaN,|,61530,|,0
12:06:30,|,NaN,NaN,NaN,NaN,NaN,NaN,NaN,NaN,NaN,|,61590,|,0
12:07:30,|,NaN,NaN,NaN,NaN,NaN,NaN,NaN,NaN,NaN,|,61650,|,0
12:08:30,|,NaN,NaN,NaN,NaN,NaN,NaN,NaN,NaN,NaN,|,61710,|,0
12:09:30,|,NaN,NaN,NaN,NaN,NaN,NaN,NaN,NaN,NaN,|,61770,|,0
12:10:30,|,NaN,NaN,NaN,NaN,NaN,NaN,NaN,NaN,NaN,|,61830,|,0
12:11:30,|,NaN,NaN,NaN,NaN,NaN,NaN,NaN,NaN,NaN,|,61890,|,0
12:12:30,|,NaN,NaN,NaN,NaN,NaN,NaN,NaN,NaN,NaN,|,61950,|,0
12:13:30,|,NaN,NaN,NaN,NaN,NaN,NaN,NaN,NaN,NaN,|,62010,|,0
12:14:30,|,NaN,NaN,NaN,NaN,NaN,NaN,NaN,NaN,NaN,|,62070,|,0
12:15:30,|,NaN,NaN,NaN,NaN,NaN,NaN,NaN,NaN,NaN,|,62130,|,0
12:16:30,|,NaN,NaN,NaN,NaN,NaN,NaN,NaN,NaN,NaN,|,62190,|,0
12:17:30,|,NaN,NaN,NaN,NaN,NaN,NaN,NaN,NaN,NaN,|,62250,|,0
12:18:30,|,NaN,NaN,NaN,NaN,NaN,NaN,NaN,NaN,NaN,|,62310,|,0
12:19:30,|,NaN,NaN,NaN,NaN,NaN,NaN,NaN,NaN,NaN,|,62370,|,0
12:20:30,|,NaN,NaN,NaN,NaN,NaN,NaN,NaN,NaN,NaN,|,62430,|,0
12:21:30,|,NaN,NaN,NaN,NaN,NaN,NaN,NaN,NaN,NaN,|,62490,|,0
12:22:30,|,NaN,NaN,NaN,NaN,NaN,NaN,NaN,NaN,NaN,|,62550,|,0
12:23:30,|,NaN,NaN,NaN,NaN,NaN,NaN,NaN,NaN,NaN,|,62610,|,0
12:24:30,|,NaN,NaN,NaN,NaN,NaN,NaN,NaN,NaN,NaN,|,62670,|,0
12:25:30,|,NaN,NaN,NaN,NaN,NaN,NaN,NaN,NaN,NaN,|,62730,|,0
12:26:30,|,NaN,NaN,NaN,NaN,NaN,NaN,NaN,NaN,NaN,|,62790,|,0
12:27:30,|,NaN,NaN,NaN,NaN,NaN,NaN,NaN,NaN,NaN,|,62850,|,0
12:28:30,|,NaN,NaN,NaN,NaN,NaN,NaN,NaN,NaN,NaN,|,62910,|,0
12:29:30,|,NaN,NaN,NaN,NaN,NaN,NaN,NaN,NaN,NaN,|,62970,|,0
12:30:30,|,NaN,NaN,NaN,NaN,NaN,NaN,NaN,NaN,NaN,|,63030,|,0
12:31:30,|,NaN,NaN,NaN,NaN,NaN,NaN,NaN,NaN,NaN,|,63090,|,0
12:32:30,|,NaN,NaN,NaN,NaN,NaN,NaN,NaN,NaN,NaN,|,63150,|,0
12:33:30,|,NaN,NaN,NaN,NaN,NaN,NaN,NaN,NaN,NaN,|,63210,|,0
12:34:30,|,NaN,NaN,NaN,NaN,NaN,NaN,NaN,NaN,NaN,|,63270,|,0
12:35:30,|,NaN,NaN,NaN,NaN,NaN,NaN,NaN,NaN,NaN,|,63330,|,0
12:36:30,|,NaN,NaN,NaN,NaN,NaN,NaN,NaN,NaN,NaN,|,63390,|,0
12:37:30,|,NaN,NaN,NaN,NaN,NaN,NaN,NaN,NaN,NaN,|,63450,|,0
12:38:30,|,NaN,NaN,NaN,NaN,NaN,NaN,NaN,NaN,NaN,|,63510,|,0
12:39:30,|,NaN,NaN,NaN,NaN,NaN,NaN,NaN,NaN,NaN,|,63570,|,0
12:40:30,|,NaN,NaN,NaN,NaN,NaN,NaN,NaN,NaN,NaN,|,63630,|,0
12:41:30,|,NaN,NaN,NaN,NaN,NaN,NaN,NaN,NaN,NaN,|,63690,|,0
12:42:30,|,NaN,NaN,NaN,NaN,NaN,NaN,NaN,NaN,NaN,|,63750,|,0
12:43:30,|,NaN,NaN,NaN,NaN,NaN,NaN,NaN,NaN,NaN,|,63810,|,0
12:44:30,|,NaN,NaN,NaN,NaN,NaN,NaN,NaN,NaN,NaN,|,63870,|,0
12:45:30,|,NaN,NaN,NaN,NaN,NaN,NaN,NaN,NaN,NaN,|,63930,|,0
12:46:30,|,NaN,NaN,NaN,NaN,NaN,NaN,NaN,NaN,NaN,|,63990,|,0
12:47:30,|,NaN,NaN,NaN,NaN,NaN,NaN,NaN,NaN,NaN,|,64050,|,0
12:48:30,|,NaN,NaN,NaN,NaN,NaN,NaN,NaN,NaN,NaN,|,64110,|,0
12:49:30,|,NaN,NaN,NaN,NaN,NaN,NaN,NaN,NaN,NaN,|,64170,|,0
12:50:30,|,NaN,NaN,NaN,NaN,NaN,NaN,NaN,NaN,NaN,|,64230,|,0
12:51:30,|,NaN,NaN,NaN,NaN,NaN,NaN,NaN,NaN,NaN,|,64290,|,0
12:52:30,|,NaN,NaN,NaN,NaN,NaN,NaN,NaN,NaN,NaN,|,64350,|,0
12:53:30,|,NaN,NaN,NaN,NaN,NaN,NaN,NaN,NaN,NaN,|,64410,|,0
12:54:30,|,NaN,NaN,NaN,NaN,NaN,NaN,NaN,NaN,NaN,|,64470,|,0
12:55:30,|,NaN,NaN,NaN,NaN,NaN,NaN,NaN,NaN,NaN,|,64530,|,0
12:56:30,|,NaN,NaN,NaN,NaN,NaN,NaN,NaN,NaN,NaN,|,64590,|,0
12:57:30,|,NaN,NaN,NaN,NaN,NaN,NaN,NaN,NaN,NaN,|,64650,|,0
12:58:30,|,NaN,NaN,NaN,NaN,NaN,NaN,NaN,NaN,NaN,|,64710,|,0
12:59:30,|,NaN,NaN,NaN,NaN,NaN,NaN,NaN,NaN,NaN,|,64770,|,0
13:00:30,|,NaN,NaN,NaN,NaN,NaN,NaN,NaN,NaN,NaN,|,64830,|,0
13:01:30,|,NaN,NaN,NaN,NaN,NaN,NaN,NaN,NaN,NaN,|,64890,|,0
13:02:30,|,NaN,NaN,NaN,NaN,NaN,NaN,NaN,NaN,NaN,|,64950,|,0
13:03:30,|,NaN,NaN,NaN,NaN,NaN,NaN,NaN,NaN,NaN,|,65010,|,0
13:04:30,|,NaN,NaN,NaN,NaN,NaN,NaN,NaN,NaN,NaN,|,65070,|,0
13:05:30,|,NaN,NaN,NaN,NaN,NaN,NaN,NaN,NaN,NaN,|,65130,|,0
13:06:30,|,NaN,NaN,NaN,NaN,NaN,NaN,NaN,NaN,NaN,|,65190,|,0
13:07:30,|,NaN,NaN,NaN,NaN,NaN,NaN,NaN,NaN,NaN,|,65250,|,0
13:08:30,|,NaN,NaN,NaN,NaN,NaN,NaN,NaN,NaN,NaN,|,65310,|,0
13:09:30,|,NaN,NaN,NaN,NaN,NaN,NaN,NaN,NaN,NaN,|,65370,|,0
13:10:30,|,NaN,NaN,NaN,NaN,NaN,NaN,NaN,NaN,NaN,|,65430,|,0
13:11:30,|,NaN,NaN,NaN,NaN,NaN,NaN,NaN,NaN,NaN,|,65490,|,0
13:12:30,|,NaN,NaN,NaN,NaN,NaN,NaN,NaN,NaN,NaN,|,65550,|,0
13:13:30,|,NaN,NaN,NaN,NaN,NaN,NaN,NaN,NaN,NaN,|,65610,|,0
13:14:30,|,NaN,NaN,NaN,NaN,NaN,NaN,NaN,NaN,NaN,|,65670,|,0
13:15:30,|,NaN,NaN,NaN,NaN,NaN,NaN,NaN,NaN,NaN,|,65730,|,0
13:16:30,|,NaN,NaN,NaN,NaN,NaN,NaN,NaN,NaN,NaN,|,65790,|,0
13:17:30,|,NaN,NaN,NaN,NaN,NaN,NaN,NaN,NaN,NaN,|,65850,|,0
13:18:30,|,NaN,NaN,NaN,NaN,NaN,NaN,NaN,NaN,NaN,|,65910,|,0
13:19:30,|,NaN,NaN,NaN,NaN,NaN,NaN,NaN,NaN,NaN,|,65970,|,0
13:20:30,|,NaN,NaN,NaN,NaN,NaN,NaN,NaN,NaN,NaN,|,66030,|,0
13:21:30,|,NaN,NaN,NaN,NaN,NaN,NaN,NaN,NaN,NaN,|,66090,|,0
13:22:30,|,NaN,NaN,NaN,NaN,NaN,NaN,NaN,NaN,NaN,|,66150,|,0
13:23:30,|,NaN,NaN,NaN,NaN,NaN,NaN,NaN,NaN,NaN,|,66210,|,0
13:24:30,|,NaN,NaN,NaN,NaN,NaN,NaN,NaN,NaN,NaN,|,66270,|,0
13:25:30,|,NaN,NaN,NaN,NaN,NaN,NaN,NaN,NaN,NaN,|,66330,|,0
13:26:30,|,NaN,NaN,NaN,NaN,NaN,NaN,NaN,NaN,NaN,|,66390,|,0
13:27:30,|,NaN,NaN,NaN,NaN,NaN,NaN,NaN,NaN,NaN,|,66450,|,0
13:28:30,|,NaN,NaN,NaN,NaN,NaN,NaN,NaN,NaN,NaN,|,66510,|,0
13:29:30,|,NaN,NaN,NaN,NaN,NaN,NaN,NaN,NaN,NaN,|,66570,|,0
13:30:30,|,NaN,NaN,NaN,NaN,NaN,NaN,NaN,NaN,NaN,|,66630,|,0
13:31:30,|,NaN,NaN,NaN,NaN,NaN,NaN,NaN,NaN,NaN,|,66690,|,0
13:32:30,|,NaN,NaN,NaN,NaN,NaN,NaN,NaN,NaN,NaN,|,66750,|,0
13:33:30,|,NaN,NaN,NaN,NaN,NaN,NaN,NaN,NaN,NaN,|,66810,|,0
13:34:30,|,NaN,NaN,NaN,NaN,NaN,NaN,NaN,NaN,NaN,|,66870,|,0
13:35:30,|,NaN,NaN,NaN,NaN,NaN,NaN,NaN,NaN,NaN,|,66930,|,0
13:36:30,|,NaN,NaN,NaN,NaN,NaN,NaN,NaN,NaN,NaN,|,66990,|,0
13:37:30,|,NaN,NaN,NaN,NaN,NaN,NaN,NaN,NaN,NaN,|,67050,|,0
13:38:30,|,NaN,NaN,NaN,NaN,NaN,NaN,NaN,NaN,NaN,|,67110,|,0
13:39:30,|,NaN,NaN,NaN,NaN,NaN,NaN,NaN,NaN,NaN,|,67170,|,0
13:40:30,|,NaN,NaN,NaN,NaN,NaN,NaN,NaN,NaN,NaN,|,67230,|,0
13:41:30,|,NaN,NaN,NaN,NaN,NaN,NaN,NaN,NaN,NaN,|,67290,|,0
13:42:30,|,NaN,NaN,NaN,NaN,NaN,NaN,NaN,NaN,NaN,|,67350,|,0
13:43:30,|,NaN,NaN,NaN,NaN,NaN,NaN,NaN,NaN,NaN,|,67410,|,0
13:44:30,|,NaN,NaN,NaN,NaN,NaN,NaN,NaN,NaN,NaN,|,67470,|,0
13:45:30,|,NaN,NaN,NaN,NaN,NaN,NaN,NaN,NaN,NaN,|,67530,|,0
13:46:30,|,NaN,NaN,NaN,NaN,NaN,NaN,NaN,NaN,NaN,|,67590,|,0
13:47:30,|,NaN,NaN,NaN,NaN,NaN,NaN,NaN,NaN,NaN,|,67650,|,0
13:48:30,|,NaN,NaN,NaN,NaN,NaN,NaN,NaN,NaN,NaN,|,67710,|,0
13:49:30,|,NaN,NaN,NaN,NaN,NaN,NaN,NaN,NaN,NaN,|,67770,|,0
13:50:30,|,NaN,NaN,NaN,NaN,NaN,NaN,NaN,NaN,NaN,|,67830,|,0
13:51:30,|,NaN,NaN,NaN,NaN,NaN,NaN,NaN,NaN,NaN,|,67890,|,0
13:52:30,|,NaN,NaN,NaN,NaN,NaN,NaN,NaN,NaN,NaN,|,67950,|,0
13:53:30,|,NaN,NaN,NaN,NaN,NaN,NaN,NaN,NaN,NaN,|,68010,|,0
13:54:30,|,NaN,NaN,NaN,NaN,NaN,NaN,NaN,NaN,NaN,|,68070,|,0
13:55:30,|,NaN,NaN,NaN,NaN,NaN,NaN,NaN,NaN,NaN,|,68130,|,0
13:56:30,|,NaN,NaN,NaN,NaN,NaN,NaN,NaN,NaN,NaN,|,68190,|,0
13:57:30,|,NaN,NaN,NaN,NaN,NaN,NaN,NaN,NaN,NaN,|,68250,|,0
13:58:30,|,NaN,NaN,NaN,NaN,NaN,NaN,NaN,NaN,NaN,|,68310,|,0
13:59:30,|,NaN,NaN,NaN,NaN,NaN,NaN,NaN,NaN,NaN,|,68370,|,0
14:00:30,|,NaN,NaN,NaN,NaN,NaN,NaN,NaN,NaN,NaN,|,68430,|,0
14:01:30,|,NaN,NaN,NaN,NaN,NaN,NaN,NaN,NaN,NaN,|,68490,|,0
14:02:30,|,NaN,NaN,NaN,NaN,NaN,NaN,NaN,NaN,NaN,|,68550,|,0
14:03:30,|,NaN,NaN,NaN,NaN,NaN,NaN,NaN,NaN,NaN,|,68610,|,0
14:04:30,|,NaN,NaN,NaN,NaN,NaN,NaN,NaN,NaN,NaN,|,68670,|,0
14:05:30,|,NaN,NaN,NaN,NaN,NaN,NaN,NaN,NaN,NaN,|,68730,|,0
14:06:30,|,NaN,NaN,NaN,NaN,NaN,NaN,NaN,NaN,NaN,|,68790,|,0
14:07:30,|,NaN,NaN,NaN,NaN,NaN,NaN,NaN,NaN,NaN,|,68850,|,0
14:08:30,|,NaN,NaN,NaN,NaN,NaN,NaN,NaN,NaN,NaN,|,68910,|,0
14:09:30,|,NaN,NaN,NaN,NaN,NaN,NaN,NaN,NaN,NaN,|,68970,|,0
14:10:30,|,NaN,NaN,NaN,NaN,NaN,NaN,NaN,NaN,NaN,|,69030,|,0
14:11:30,|,NaN,NaN,NaN,NaN,NaN,NaN,NaN,NaN,NaN,|,69090,|,0
14:12:30,|,NaN,NaN,NaN,NaN,NaN,NaN,NaN,NaN,NaN,|,69150,|,0
14:13:30,|,NaN,NaN,NaN,NaN,NaN,NaN,NaN,NaN,NaN,|,69210,|,0
14:14:30,|,NaN,NaN,NaN,NaN,NaN,NaN,NaN,NaN,NaN,|,69270,|,0
14:15:30,|,NaN,NaN,NaN,NaN,NaN,NaN,NaN,NaN,NaN,|,69330,|,0
14:16:30,|,NaN,NaN,NaN,NaN,NaN,NaN,NaN,NaN,NaN,|,69390,|,0
14:17:30,|,NaN,NaN,NaN,NaN,NaN,NaN,NaN,NaN,NaN,|,69450,|,0
14:18:30,|,NaN,NaN,NaN,NaN,NaN,NaN,NaN,NaN,NaN,|,69510,|,0
14:19:30,|,NaN,NaN,NaN,NaN,NaN,NaN,NaN,NaN,NaN,|,69570,|,0
14:20:30,|,NaN,NaN,NaN,NaN,NaN,NaN,NaN,NaN,NaN,|,69630,|,0
14:21:30,|,NaN,NaN,NaN,NaN,NaN,NaN,NaN,NaN,NaN,|,69690,|,0
14:22:30,|,NaN,NaN,NaN,NaN,NaN,NaN,NaN,NaN,NaN,|,69750,|,0
14:23:30,|,NaN,NaN,NaN,NaN,NaN,NaN,NaN,NaN,NaN,|,69810,|,0
14:24:30,|,NaN,NaN,NaN,NaN,NaN,NaN,NaN,NaN,NaN,|,69870,|,0
14:25:30,|,NaN,NaN,NaN,NaN,NaN,NaN,NaN,NaN,NaN,|,69930,|,0
14:26:30,|,NaN,NaN,NaN,NaN,NaN,NaN,NaN,NaN,NaN,|,69990,|,0
14:27:30,|,27.8999996185303,14.1999998092651,43.2999992370605,993.099975585938,0.899999976158142,0,0,0,1.20000004768372,|,70050,|,0
14:28:30,|,27.7999992370605,14.2666664123535,43.6666679382324,993.099975585938,0.833333373069763,0,0,0,1.13333332538605,|,70110,|,1
14:29:30,|,27.533332824707,14.3999996185303,44.6000022888184,993.066650390625,0.933333337306976,0,0,0,1.10000002384186,|,70170,|,1
14:30:30,|,27.3666667938232,14.4666662216187,45.2666664123535,993,0.933333396911621,0,0,0,1.10000002384186,|,70230,|,1
14:31:30,|,27.2999992370605,14.3666667938232,45.0999984741211,993,1.73333334922791,0,0,0,1.10000002384186,|,70290,|,1
14:32:30,|,27.2333335876465,14,44.1666679382324,993.033325195313,1.36666667461395,0,0,0,1.10000002384186,|,70350,|,1
14:33:30,|,27.0666675567627,14.0999994277954,44.8333320617676,993.066650390625,1.39999997615814,0,0,0,1.10000002384186,|,70410,|,1
14:34:30,|,27.033332824707,14.1999998092651,45.2666664123535,993.033325195313,1.53333330154419,0,0,0,1.10000002384186,|,70470,|,1
14:35:30,|,27.0666675567627,14.6333332061768,46.7333335876465,993.099975585938,1.96666669845581,0,0,0,1.10000002384186,|,70530,|,1
14:36:30,|,26.966667175293,14.3000001907349,45.8666648864746,993.099975585938,1.43333339691162,0,0,0,1.10000002384186,|,70590,|,1
14:37:30,|,26.8999996185303,14.4000005722046,46.2999992370605,993.066650390625,1.29999995231628,0,0,0,1.10000002384186,|,70650,|,1
14:38:30,|,26.966667175293,14.466667175293,46.3333358764648,992.933349609375,1.79999995231628,0,0,0,1.10000002384186,|,70710,|,1
14:39:30,|,27.1000003814697,14,44.6000022888184,992.833312988281,1.13333332538605,0,0,0,1.10000002384186,|,70770,|,1
14:40:30,|,27.1000003814697,13.8000001907349,43.9000015258789,992.933349609375,1,0,0,0,1.10000002384186,|,70830,|,1
14:41:30,|,27.1666660308838,14.1333332061768,44.6333351135254,992.966674804688,0.866666674613953,0,0,0,1.10000002384186,|,70890,|,1
14:42:30,|,27.2666664123535,13.6999998092651,43.3333320617676,992.86669921875,1.33333337306976,0,0,0,1.10000002384186,|,70950,|,1
14:43:30,|,27.1666679382324,13.0333337783813,41.7333335876465,992.799987792969,1.39999997615814,0,0,0,1.10000002384186,|,71010,|,1
14:44:30,|,27.1333332061768,12.8666667938232,41.3999977111816,992.799987792969,1.16666662693024,0,0,0,1.10000002384186,|,71070,|,1
14:45:30,|,27.2000007629395,12.8333330154419,41.033332824707,992.799987792969,0.800000011920929,0,0,0,1.10000002384186,|,71130,|,1
14:46:30,|,27.2000007629395,12.9333333969116,41.2333335876465,992.799987792969,1.36666667461395,0,0,0,1.10000002384186,|,71190,|,1
14:47:30,|,27.2000007629395,12.8000001907349,41,992.799987792969,1.06666660308838,0,0,0,1.10000002384186,|,71250,|,1
14:48:30,|,27.2000007629395,12.2666664123535,39.5666656494141,992.799987792969,1.5,0,0,0,1.10000002384186,|,71310,|,1
14:49:30,|,27.1666679382324,12.1000003814697,39.0666656494141,992.799987792969,0.766666650772095,0,0,0,1.10000002384186,|,71370,|,1
14:50:30,|,27.1000003814697,12.2666664123535,39.7333335876465,992.766662597656,1.30000007152557,0,0,0,1.10000002384186,|,71430,|,1
14:51:30,|,27.0666675567627,12.3999996185303,40.2333335876465,992.733337402344,1.13333332538605,0,0,0,1.10000002384186,|,71490,|,1
14:52:30,|,26.966667175293,12.6000003814697,41.033332824707,992.766662597656,1.20000004768372,0,0,0,1.10000002384186,|,71550,|,1
14:53:30,|,26.8999996185303,12.3999996185303,40.5999984741211,992.700012207031,0.666666686534882,0,0,0,1.10000002384186,|,71610,|,1
14:54:30,|,26.9333324432373,12.8333330154419,41.6666641235352,992.666687011719,1.53333330154419,0,0,0,1.10000002384186,|,71670,|,1
14:55:30,|,27,12.7333326339722,41.2999992370605,992.63330078125,1.23333334922791,0,0,0,1.10000002384186,|,71730,|,1
14:56:30,|,27.033332824707,12.4333333969116,40.2999992370605,992.666687011719,1.46666669845581,0,0,0,1.10000002384186,|,71790,|,1
14:57:30,|,27.1000003814697,12.7666664123535,41.033332824707,992.599975585938,1.23333334922791,0,0,0,1.10000002384186,|,71850,|,1
14:58:30,|,27.1000003814697,13.0666666030884,41.9333343505859,992.63330078125,0.800000011920929,0,0,0,1.10000002384186,|,71910,|,1
14:59:30,|,27.1000003814697,12.6000003814697,40.7333335876465,992.700012207031,1.36666667461395,0,0,0,1.10000002384186,|,71970,|,1
15:00:30,|,27.1000003814697,12.9000005722046,41.4333305358887,992.700012207031,1.16666674613953,0,0,0,1.10000002384186,|,72030,|,1
15:01:30,|,27.1000003814697,13.1666669845581,42.2000007629395,992.666687011719,1.20000004768372,0,0,0,1.10000002384186,|,72090,|,1
15:02:30,|,27.1000003814697,12.1000003814697,39.3666687011719,992.599975585938,0.366666674613953,0,0,0,1.10000002384186,|,72150,|,1
15:03:30,|,27.1333332061768,11.5666666030884,37.9333343505859,992.599975585938,1.03333330154419,0,0,0,1.10000002384186,|,72210,|,1
15:04:30,|,27.2000007629395,12.0333337783813,39.033332824707,992.566650390625,1.23333334922791,0,0,0,1.10000002384186,|,72270,|,1
15:05:30,|,27.2000007629395,12.2666664123535,39.6666679382324,992.533325195313,1.16666662693024,0,0,0,1.10000002384186,|,72330,|,1
15:06:30,|,27.2333335876465,12.3333330154419,39.7999992370605,992.566650390625,1.89999997615814,0,0,0,1.10000002384186,|,72390,|,1
15:07:30,|,27.2666664123535,10.9333333969116,36.1333351135254,992.533325195313,1.56666672229767,0,0,0,1.10000002384186,|,72450,|,1
15:08:30,|,27.2000007629395,10.9000005722046,36.2333335876465,992.566650390625,0.933333337306976,0,0,0,1.10000002384186,|,72510,|,1
15:09:30,|,27.2000007629395,10.966667175293,36.4000015258789,992.5,0.766666650772095,0,0,0,1.10000002384186,|,72570,|,1
15:10:30,|,27.2333335876465,11,36.3999977111816,992.533325195313,1.19999992847443,0,0,0,1.10000002384186,|,72630,|,1
15:11:30,|,27.2999992370605,11.5,37.3666648864746,992.566650390625,2.33333325386047,0,0,0,1.10000002384186,|,72690,|,1
15:12:30,|,27.2999992370605,10.8666667938232,35.9000015258789,992.533325195313,1.33333325386047,0,0,0,1.10000002384186,|,72750,|,1
15:13:30,|,27.2999992370605,10.2666664123535,34.533332824707,992.599975585938,1.26666665077209,0,0,0,1.10000002384186,|,72810,|,1
15:14:30,|,27.3333320617676,10.9333333969116,36.0666656494141,992.566650390625,0.5,0,0,0,1.10000002384186,|,72870,|,1
15:15:30,|,27.4333324432373,11.4333333969116,37.033332824707,992.566650390625,1.16666662693024,0,0,0,1.10000002384186,|,72930,|,1
15:16:30,|,27.5,11.3333330154419,36.6333351135254,992.700012207031,0.866666674613953,0,0,0,1.10000002384186,|,72990,|,0
15:17:30,|,27.5,10.1333332061768,33.8999977111816,992.666687011719,1.19999992847443,0,0,0.0333333350718021,1.10000002384186,|,73050,|,0
15:18:30,|,27.533332824707,10.3000001907349,34.1333351135254,992.566650390625,0.366666674613953,0,60,0.0666666701436043,1.10000002384186,|,73110,|,0
15:19:30,|,27.6333332061768,10.8666667938232,35.2333335876465,992.533325195313,1,0,60,0,1.10000002384186,|,73170,|,0
15:20:30,|,27.7000007629395,10.966667175293,35.3333358764648,992.599975585938,1.36666667461395,0,60,0.0333333350718021,1.10000002384186,|,73230,|,0
15:21:30,|,27.7333335876465,11.2666664123535,36.033332824707,992.599975585938,1.39999997615814,0,60,0.0666666701436043,1.10000002384186,|,73290,|,0
15:22:30,|,27.7666664123535,11,35.2999992370605,992.599975585938,0.5,0,60,0,1.10000002384186,|,73350,|,0
15:23:30,|,27.7333335876465,11.1999998092651,35.9000015258789,992.599975585938,1.03333330154419,0,60,0,1.10000002384186,|,73410,|,1
15:24:30,|,27.8666667938232,12.5666666030884,38.9333343505859,992.566650390625,0.466666668653488,0,20,0,1.10000002384186,|,73470,|,1
15:25:30,|,28,13.1333332061768,40,992.533325195313,1,0,60,0,1.10000002384186,|,73530,|,1
15:26:30,|,28.033332824707,13.3000001907349,40.3666687011719,992.566650390625,0.933333337306976,0,60,0,1.10000002384186,|,73590,|,1
15:27:30,|,28.033332824707,12.3333330154419,37.9000015258789,992.533325195313,1.76666665077209,0,60,0,1.10000002384186,|,73650,|,1
15:28:30,|,27.8666667938232,11.9333333969116,37.2333335876465,992.533325195313,1.26666665077209,0,60,0,1.10000002384186,|,73710,|,1
15:29:30,|,27.7999992370605,12.3666667938232,38.466667175293,992.433349609375,1.10000002384186,0,0,0,1.10000002384186,|,73770,|,1
15:30:30,|,27.7666664123535,11.6999998092651,36.8333320617676,992.5,1.46666669845581,0,0,0,1.10000002384186,|,73830,|,1
15:31:30,|,27.6666679382324,11.4000005722046,36.4333305358887,992.466674804688,0.966666638851166,0,0,0,1.10000002384186,|,73890,|,1
15:32:30,|,27.6333332061768,11.8666667938232,37.7000007629395,992.433349609375,0.966666638851166,0,20,0,1.10000002384186,|,73950,|,1
15:33:30,|,27.7000007629395,12.1333332061768,38.2000007629395,992.5,1.03333330154419,0,60,0,1.10000002384186,|,74010,|,1
15:34:30,|,27.7000007629395,11.5333337783813,36.6333312988281,992.433349609375,1.06666672229767,0,40,0,1.10000002384186,|,74070,|,1
15:35:30,|,27.7000007629395,11.3999996185303,36.2666664123535,992.333312988281,0.466666668653488,0,0,0,1.10000002384186,|,74130,|,1
15:36:30,|,27.7666664123535,11.533332824707,36.3666687011719,992.400024414063,0.533333301544189,0,20,0,1.10000002384186,|,74190,|,1
15:37:30,|,27.966667175293,12.0666666030884,37.2666664123535,992.400024414063,0.533333361148834,0,60,0,1.10000002384186,|,74250,|,1
15:38:30,|,28.1000003814697,12.5,38.1000022888184,992.400024414063,0.666666686534882,0,60,0,1.10000002384186,|,74310,|,1
15:39:30,|,28.1000003814697,12.3333330154419,37.5999984741211,992.400024414063,1.03333330154419,0,60,0,1.10000002384186,|,74370,|,1
15:40:30,|,28.1333332061768,11.8666667938232,36.5,992.400024414063,1.13333332538605,0,60,0,1.10000002384186,|,74430,|,1
15:41:30,|,28.1666679382324,11.1000003814697,34.6666679382324,992.36669921875,0.5,0,60,0,1.10000002384186,|,74490,|,1
15:42:30,|,28.1333332061768,11.6666669845581,36.033332824707,992.299987792969,0.699999988079071,0,20,0,1.10000002384186,|,74550,|,1
15:43:30,|,28.2333335876465,11.9000005722046,36.3333320617676,992.333312988281,0.133333340287209,0,40,0,1.10000002384186,|,74610,|,1
15:44:30,|,28.3333320617676,12.2333335876465,36.9333305358887,992.400024414063,0.400000005960464,0,60,0,1.10000002384186,|,74670,|,1
15:45:30,|,28.3999996185303,11.533332824707,35.2000007629395,992.36669921875,0.699999988079071,0,40,0,1.10000002384186,|,74730,|,1
15:46:30,|,28.3666667938232,10.7666664123535,33.5,992.299987792969,0.766666650772095,0,0,0,1.10000002384186,|,74790,|,1
15:47:30,|,28.2666664123535,10.0999994277954,32.2000007629395,992.299987792969,1,0,0,0,1.10000002384186,|,74850,|,1
15:48:30,|,28.2000007629395,10.3000001907349,32.7333335876465,992.333312988281,0.366666674613953,0,0,0,1.10000002384186,|,74910,|,1
15:49:30,|,28.2333335876465,10.533332824707,33.2333335876465,992.36669921875,0.966666638851166,0,0,0,1.10000002384186,|,74970,|,1
15:50:30,|,28.2333335876465,11.3000001907349,35.033332824707,992.333312988281,1.63333332538605,0,0,0,1.10000002384186,|,75030,|,1
15:51:30,|,28.0666675567627,10.3000001907349,33,992.36669921875,1.29999995231628,0,0,0,1.10000002384186,|,75090,|,1
15:52:30,|,28,10,32.5,992.333312988281,1.33333325386047,0,20,0,1.10000002384186,|,75150,|,1
15:53:30,|,27.966667175293,9.63333320617676,31.7000007629395,992.400024414063,1.26666665077209,0,60,0,1.10000002384186,|,75210,|,1
15:54:30,|,27.9333324432373,10.3333339691162,33.3666687011719,992.36669921875,1.06666672229767,0,40,0,1.10000002384186,|,75270,|,1
15:55:30,|,27.966667175293,11.0333337783813,34.8666648864746,992.299987792969,1.16666674613953,0,0,0,1.10000002384186,|,75330,|,1
15:56:30,|,27.8999996185303,11.1666669845581,35.2333335876465,992.333312988281,1.26666665077209,0,0,0,1.10000002384186,|,75390,|,1
15:57:30,|,27.8666667938232,10.5,33.7666664123535,992.36669921875,1.13333332538605,0,0,0,1.10000002384186,|,75450,|,1
15:58:30,|,27.7999992370605,10.9333333969116,34.9333343505859,992.299987792969,0.800000011920929,0,0,0,1.10000002384186,|,75510,|,1
15:59:30,|,27.8666667938232,11.6666669845581,36.533332824707,992.266662597656,0.833333313465118,0,0,0,1.10000002384186,|,75570,|,1
16:00:30,|,28.033332824707,11.3666667938232,35.466667175293,992.200012207031,1.20000004768372,0,0,0,1.10000002384186,|,75630,|,1
16:01:30,|,28.1333332061768,11.3333330154419,35.2000007629395,992.233337402344,0.966666638851166,0,0,0,1.10000002384186,|,75690,|,1
16:02:30,|,28.2333335876465,11.3333330154419,35.033332824707,992.266662597656,0.866666674613953,0,0,0,1.10000002384186,|,75750,|,1
16:03:30,|,28.2999992370605,11.1666669845581,34.6000022888184,992.200012207031,0.866666674613953,0,0,0,1.10000002384186,|,75810,|,1
16:04:30,|,28.2999992370605,11.1666669845581,34.533332824707,992.166687011719,1,0,0,0,1.10000002384186,|,75870,|,1
16:05:30,|,28.2999992370605,11.2333335876465,34.6333312988281,992.166625976563,0.766666650772095,0,0,0,1.10000002384186,|,75930,|,1
16:06:30,|,28.2999992370605,11.2333335876465,34.6333312988281,992.299987792969,0.900000035762787,0,0,0,1.10000002384186,|,75990,|,1
16:07:30,|,28.2333335876465,11.3999996185303,35.1666679382324,992.266662597656,1.13333332538605,0,0,0,1.10000002384186,|,76050,|,1
16:08:30,|,28.1333332061768,11.4333333969116,35.466667175293,992.200012207031,0.666666686534882,0,0,0,1.10000002384186,|,76110,|,1
16:09:30,|,28.1666679382324,11.8333330154419,36.466667175293,992.200012207031,1.20000004768372,0,0,0,1.10000002384186,|,76170,|,1
16:10:30,|,28.1000003814697,12,36.9333343505859,992.166687011719,0.966666638851166,0,0,0,1.10000002384186,|,76230,|,1
16:11:30,|,28.0666675567627,13.0666666030884,39.7000007629395,992.099975585938,0.933333337306976,0,0,0,1.10000002384186,|,76290,|,1
16:12:30,|,28,13.5333337783813,41.033332824707,992.13330078125,0.933333337306976,0,0,0,1.10000002384186,|,76350,|,1
16:13:30,|,28.0666675567627,12.7666673660278,38.8666648864746,992.166687011719,0.766666650772095,0,0,0,1.10000002384186,|,76410,|,1
16:14:30,|,28.2333335876465,12.6000003814697,38.2666664123535,992.099975585938,0.533333301544189,0,0,0,1.10000002384186,|,76470,|,1
16:15:30,|,28.2666664123535,11.9333333969116,36.4333305358887,992.13330078125,0.666666686534882,0,0,0,1.10000002384186,|,76530,|,1
16:16:30,|,28.2000007629395,12.5333337783813,38,992.166687011719,1.16666662693024,0,0,0,1.10000002384186,|,76590,|,1
16:17:30,|,28.1666679382324,12.6333332061768,38.3666648864746,992.13330078125,0.966666698455811,0,0,0,1.10000002384186,|,76650,|,1
16:18:30,|,28.1000003814697,12.7666673660278,38.7333335876465,992.200012207031,1.13333332538605,0,0,0,1.10000002384186,|,76710,|,1
16:19:30,|,28.0666675567627,12.1333332061768,37.2999992370605,992.166687011719,1.16666662693024,0,0,0,1.10000002384186,|,76770,|,1
16:20:30,|,28,12,37.0999984741211,992.13330078125,0.966666638851166,0,0,0,1.10000002384186,|,76830,|,1
16:21:30,|,27.966667175293,11.6000003814697,36.3333320617676,992.166687011719,0.766666650772095,0,0,0,1.10000002384186,|,76890,|,1
16:22:30,|,27.9333324432373,11.5333337783813,36.1333351135254,992.099975585938,0.866666674613953,0,0,0,1.10000002384186,|,76950,|,1
16:23:30,|,28.033332824707,11.7666664123535,36.4333305358887,992.13330078125,0.533333361148834,0,0,0,1.10000002384186,|,77010,|,1
16:24:30,|,28.1333332061768,12.5,38,992.166687011719,0.533333301544189,0,0,0,1.10000002384186,|,77070,|,1
16:25:30,|,28.2000007629395,12.8000001907349,38.5666656494141,992.066650390625,0.800000011920929,0,0,0,1.10000002384186,|,77130,|,1
16:26:30,|,28.2333335876465,13.7333326339722,40.966667175293,992.033325195313,0.699999988079071,0,0,0,1.10000002384186,|,77190,|,1
16:27:30,|,28.2999992370605,13.8999996185303,41.4000015258789,992.066650390625,0.400000005960464,0,0,0,1.10000002384186,|,77250,|,1
16:28:30,|,28.2999992370605,13.3333330154419,39.8666648864746,992,0.366666674613953,0,0,0,1.10000002384186,|,77310,|,1
16:29:30,|,28.2999992370605,13.6666669845581,40.6333351135254,992.033325195313,0.766666650772095,0,0,0,1.10000002384186,|,77370,|,1
16:30:30,|,28.2999992370605,12.6000003814697,37.966667175293,992.066650390625,0.733333349227905,0,0,0,1.10000002384186,|,77430,|,1
16:31:30,|,28.2666664123535,12.6666669845581,38.2666664123535,992,0.300000011920929,0,0,0,1.10000002384186,|,77490,|,1
16:32:30,|,28.2000007629395,12.7666664123535,38.533332824707,991.966674804688,0.566666662693024,0,0,0,1.10000002384186,|,77550,|,1
16:33:30,|,28.2000007629395,13.033332824707,39.2666664123535,991.933349609375,0.600000023841858,0,0,0,1.10000002384186,|,77610,|,1
16:34:30,|,28.2000007629395,13.2333335876465,39.8333320617676,992.033325195313,0.699999988079071,0,0,0,1.10000002384186,|,77670,|,1
16:35:30,|,28.2000007629395,12.5,37.966667175293,992.099975585938,0.76666671037674,0,0,0,1.10000002384186,|,77730,|,1
16:36:30,|,28.2000007629395,12.8666667938232,38.8666687011719,992.066650390625,0.533333361148834,0,0,0,1.10000002384186,|,77790,|,1
16:37:30,|,28.2000007629395,13,39.2999992370605,992,0.16666667163372,0,0,0,1.10000002384186,|,77850,|,1
16:38:30,|,28.2666664123535,13.4666662216187,40.3333320617676,992,0.299999982118607,0,0,0,1.10000002384186,|,77910,|,1
16:39:30,|,28.3999996185303,13.7333335876465,40.6666679382324,992.033325195313,0.333333343267441,0,0,0,1.10000002384186,|,77970,|,1
16:40:30,|,28.4333324432373,14,41.2000007629395,992.13330078125,1.10000002384186,0,0,0,1.10000002384186,|,78030,|,1
16:41:30,|,28.466667175293,13.8333330154419,40.7999992370605,992.166687011719,0.866666674613953,0,0,0,1.10000002384186,|,78090,|,1
16:42:30,|,28.3999996185303,13.2666664123535,39.4000015258789,992.066650390625,0.866666674613953,0,0,0,1.10000002384186,|,78150,|,1
16:43:30,|,28.3333339691162,12.8000001907349,38.4000015258789,992.033325195313,0.966666698455811,0,0,0,1.10000002384186,|,78210,|,1
16:44:30,|,28.1666679382324,12.9333333969116,39.2333335876465,992.066650390625,1.06666660308838,0,0,0,1.10000002384186,|,78270,|,1
16:45:30,|,28.1000003814697,13.3000001907349,40.3666648864746,992.033325195313,1.29999995231628,0,0,0,1.10000002384186,|,78330,|,1
16:46:30,|,28.1000003814697,13.6333332061768,41.2000007629395,992.099975585938,0.733333349227905,0,0,0,1.10000002384186,|,78390,|,1
16:47:30,|,28.1333332061768,13.7333326339722,41.2333335876465,992.099975585938,0.300000011920929,0,0,0,1.10000002384186,|,78450,|,1
16:48:30,|,28.2333335876465,13.6333332061768,40.7333335876465,992.066650390625,0.366666674613953,0,0,0,1.10000002384186,|,78510,|,1
16:49:30,|,28.2999992370605,13.9000005722046,41.4333343505859,992,1.10000002384186,0,0,0,1.10000002384186,|,78570,|,1
16:50:30,|,28.2666664123535,13.3000001907349,39.8666648864746,992.033325195313,0.933333337306976,0,0,0,1.10000002384186,|,78630,|,1
16:51:30,|,28.2000007629395,13,39.2333335876465,992.066650390625,1.23333334922791,0,0,0,1.10000002384186,|,78690,|,1
16:52:30,|,28.2000007629395,13.2333335876465,39.7333335876465,992.033325195313,0.766666650772095,0,0,0,1.10000002384186,|,78750,|,1
16:53:30,|,28.2333335876465,13.1000003814697,39.2666664123535,992.099975585938,0.133333340287209,0,0,0,1.10000002384186,|,78810,|,1
16:54:30,|,28.3333320617676,13.033332824707,39.033332824707,992.066650390625,0.866666674613953,0,0,0,1.10000002384186,|,78870,|,1
16:55:30,|,28.3666667938232,13.6333332061768,40.533332824707,992,0.633333325386047,0,0,0,1.10000002384186,|,78930,|,1
16:56:30,|,28.2999992370605,13.6000003814697,40.5,991.966674804688,0.733333349227905,0,0,0,1.10000002384186,|,78990,|,1
16:57:30,|,28.2999992370605,13.8333330154419,41.1666641235352,991.933349609375,0.433333337306976,0,0,0,1.10000002384186,|,79050,|,1
16:58:30,|,28.2999992370605,13.8000001907349,41.033332824707,992,0,0,0,0,1.10000002384186,|,79110,|,1
16:59:30,|,28.3333320617676,13.7666673660278,40.8666648864746,991.966674804688,0.16666667163372,0,0,0,1.10000002384186,|,79170,|,1
17:00:30,|,28.3999996185303,13.9000005722046,41.0666656494141,991.933349609375,1.03333330154419,0,0,0,1.10000002384186,|,79230,|,1
17:01:30,|,28.3999996185303,13.2666664123535,39.4333343505859,992.033325195313,1.13333332538605,0,0,0,1.10000002384186,|,79290,|,1
17:02:30,|,28.3333339691162,12.8333330154419,38.5,992.066650390625,0.833333313465118,0,0,0,1.10000002384186,|,79350,|,1
17:03:30,|,28.2333335876465,13.0999994277954,39.2999992370605,992,0.833333313465118,0,0,0,1.10000002384186,|,79410,|,1
17:04:30,|,28.2999992370605,13.3999996185303,39.8999977111816,991.966674804688,1,0,0,0,1.10000002384186,|,79470,|,1
17:05:30,|,28.2999992370605,13.1666669845581,39.3333320617676,991.933349609375,0.633333325386047,0,0,0,1.10000002384186,|,79530,|,1
17:06:30,|,28.3333320617676,13.1999998092651,39.2666664123535,991.966674804688,0.433333337306976,0,0,0,1.10000002384186,|,79590,|,1
17:07:30,|,28.4333324432373,13.3666667938232,39.6666679382324,991.900024414063,0.433333307504654,0,0,0,1.10000002384186,|,79650,|,1
17:08:30,|,28.466667175293,12.966667175293,38.6000022888184,991.900024414063,1.03333330154419,0,0,0,1.10000002384186,|,79710,|,1
17:09:30,|,28.3666667938232,12.3000001907349,37.0666656494141,991.900024414063,1.23333334922791,0,0,0,1.10000002384186,|,79770,|,1
17:10:30,|,28.2999992370605,12.3000001907349,37.1666679382324,991.900024414063,0.699999988079071,0,0,0,1.10000002384186,|,79830,|,1
17:11:30,|,28.2999992370605,12.3666667938232,37.3333320617676,991.900024414063,1,0,0,0,1.10000002384186,|,79890,|,1
17:12:30,|,28.2666664123535,12.5333337783813,37.9333343505859,991.900024414063,0.5,0,0,0,1.10000002384186,|,79950,|,1
17:13:30,|,28.2000007629395,12.5666666030884,38.1000022888184,991.86669921875,0.466666668653488,0,0,0,1.10000002384186,|,80010,|,1
17:14:30,|,28.2000007629395,12.9666662216187,39.1000022888184,991.833312988281,0.133333340287209,0,0,0,1.10000002384186,|,80070,|,1
17:15:30,|,28.2333335876465,13.9666662216187,41.5999984741211,991.86669921875,0.366666674613953,0,0,0,1.10000002384186,|,80130,|,1
17:16:30,|,28.2999992370605,13.9333333969116,41.3666648864746,991.833312988281,1,0,0,0,1.10000002384186,|,80190,|,1
17:17:30,|,28.2999992370605,13.6000003814697,40.5,991.900024414063,0.766666650772095,0,0,0,1.10000002384186,|,80250,|,1
17:18:30,|,28.2999992370605,13.466667175293,40.1666679382324,991.900024414063,1.06666660308838,0,0,0,1.10000002384186,|,80310,|,1
17:19:30,|,28.2666664123535,13.1333332061768,39.4333343505859,991.900024414063,0.966666698455811,0,0,0,1.10000002384186,|,80370,|,1
17:20:30,|,28.1666679382324,13.3333330154419,40.1666679382324,991.900024414063,1.10000002384186,0,0,0,1.10000002384186,|,80430,|,1
17:21:30,|,28.0666675567627,13.7333335876465,41.2999992370605,991.900024414063,1.03333330154419,0,0,0,1.10000002384186,|,80490,|,1
17:22:30,|,28,13.1333332061768,40,991.86669921875,1.06666672229767,0,0,0,1.10000002384186,|,80550,|,1
17:23:30,|,28,12.9666662216187,39.7000007629395,991.833312988281,0.899999976158142,0,0,0,1.10000002384186,|,80610,|,1
17:24:30,|,28,12.9666662216187,39.6333351135254,991.900024414063,0.766666650772095,0,0,0,1.10000002384186,|,80670,|,1
17:25:30,|,27.966667175293,13.1666669845581,40.1666679382324,991.900024414063,0.766666650772095,0,0,0,1.10000002384186,|,80730,|,1
17:26:30,|,27.9333324432373,13.1333332061768,40.2000007629395,991.86669921875,1.13333332538605,0,0,0,1.10000002384186,|,80790,|,1
17:27:30,|,28,12.9333333969116,39.466667175293,991.799987792969,0.800000011920929,0,0,0,1.10000002384186,|,80850,|,1
17:28:30,|,28,13,39.533332824707,991.799987792969,0.466666668653488,0,0,0,1.10000002384186,|,80910,|,1
17:29:30,|,28,12.6333332061768,38.6333312988281,991.833312988281,0.366666674613953,0,0,0,1.10000002384186,|,80970,|,1
17:30:30,|,28.033332824707,12.6999998092651,38.7000007629395,991.900024414063,0.433333337306976,0,0,0,1.10000002384186,|,81030,|,1
17:31:30,|,28.1000003814697,12.7333335876465,38.7333335876465,991.86669921875,0.533333301544189,0,0,0,1.10000002384186,|,81090,|,1
17:32:30,|,28.1000003814697,13.0666666030884,39.5666656494141,991.799987792969,0.466666668653488,0,0,0,1.10000002384186,|,81150,|,1
17:33:30,|,28.1000003814697,13.4333333969116,40.6333312988281,991.799987792969,0.566666662693024,0,0,0,1.10000002384186,|,81210,|,1
17:34:30,|,28.1000003814697,13.1999998092651,39.9333343505859,991.799987792969,0.800000011920929,0,0,0,1.10000002384186,|,81270,|,1
17:35:30,|,28.1000003814697,13.2333326339722,40,991.799987792969,0.766666650772095,0,0,0,1.10000002384186,|,81330,|,1
17:36:30,|,28.1000003814697,13.0666666030884,39.6333351135254,991.799987792969,0.766666650772095,0,0,0,1.10000002384186,|,81390,|,1
17:37:30,|,28.1000003814697,13.3666667938232,40.4000015258789,991.799987792969,1.03333330154419,0,0,0,1.10000002384186,|,81450,|,1
17:38:30,|,28.0666675567627,13.3000001907349,40.2333335876465,991.833312988281,1.20000004768372,0,0,0,1.10000002384186,|,81510,|,1
17:39:30,|,28,13.4333333969116,40.6666679382324,991.86669921875,0.800000011920929,0,0,0,1.10000002384186,|,81570,|,1
17:40:30,|,28,13.5999994277954,41.1333351135254,991.799987792969,0.466666668653488,0,0,0,1.10000002384186,|,81630,|,1
17:41:30,|,28.033332824707,13.3999996185303,40.5999984741211,991.799987792969,0.600000023841858,0,0,0,1.10000002384186,|,81690,|,1
17:42:30,|,28.1000003814697,13.5999994277954,41.0999984741211,991.766662597656,0.699999988079071,0,0,0,1.10000002384186,|,81750,|,1
17:43:30,|,28.1000003814697,13.6666669845581,41.2333335876465,991.766662597656,0.733333349227905,0,0,0,1.10000002384186,|,81810,|,1
17:44:30,|,28.1000003814697,13.1000003814697,39.7666664123535,991.86669921875,0.533333361148834,0,0,0,1.10000002384186,|,81870,|,1
17:45:30,|,28.1000003814697,13.2333335876465,40.1333312988281,991.799987792969,0.400000005960464,0,0,0,1.10000002384186,|,81930,|,1
17:46:30,|,28.0666675567627,13.0666666030884,39.7333335876465,991.766662597656,0.766666650772095,0,0,0,1.10000002384186,|,81990,|,1
17:47:30,|,28,13.0666666030884,39.7666664123535,991.733337402344,0.733333349227905,0,0,0,1.10000002384186,|,82050,|,1
17:48:30,|,28,13.3333330154419,40.466667175293,991.799987792969,0.766666650772095,0,0,0,1.10000002384186,|,82110,|,1
17:49:30,|,28,13.5,40.966667175293,991.766662597656,0.5,0,0,0,1.10000002384186,|,82170,|,1
17:50:30,|,28,13.466667175293,40.9000015258789,991.733337402344,0.566666662693024,0,0,0,1.10000002384186,|,82230,|,1
17:51:30,|,28,14,42.2333335876465,991.799987792969,0.666666686534882,0,0,0,1.10000002384186,|,82290,|,1
17:52:30,|,28,14,42.2000007629395,991.799987792969,0.866666674613953,0,0,0,1.10000002384186,|,82350,|,1
17:53:30,|,28,13.3999996185303,40.5999984741211,991.799987792969,0.800000011920929,0,0,0,1.10000002384186,|,82410,|,1
17:54:30,|,28,13.7666664123535,41.7666664123535,991.799987792969,0.666666686534882,0,0,0,1.10000002384186,|,82470,|,1
17:55:30,|,28,14.1333332061768,42.8333320617676,991.799987792969,0.466666668653488,0,0,0,1.10000002384186,|,82530,|,1
17:56:30,|,27.966667175293,14.9666662216187,45.0666656494141,991.799987792969,0.800000011920929,0,0,0,1.10000002384186,|,82590,|,1
17:57:30,|,27.8999996185303,14.8666667938232,44.9333343505859,991.766662597656,0.366666674613953,0,0,0,1.10000002384186,|,82650,|,1
17:58:30,|,27.8999996185303,14.8333330154419,44.8333320617676,991.733337402344,0.466666668653488,0,0,0,1.10000002384186,|,82710,|,1
17:59:30,|,27.8999996185303,14.9666662216187,45.1666679382324,991.799987792969,0.699999988079071,0,0,0,1.10000002384186,|,82770,|,1
18:00:30,|,27.8666667938232,15.1333332061768,45.9000015258789,991.766662597656,0.666666686534882,0,0,0,1.10000002384186,|,82830,|,1
18:01:30,|,27.7666664123535,15.2666664123535,46.5,991.733337402344,0.266666680574417,0,0,0,1.10000002384186,|,82890,|,1
18:02:30,|,27.7000007629395,15.1999998092651,46.3333358764648,991.766662597656,0.366666674613953,0,0,0,1.10000002384186,|,82950,|,1
18:03:30,|,27.7000007629395,14.9333333969116,45.7000007629395,991.700012207031,0.466666668653488,0,0,0,1.10000002384186,|,83010,|,1
18:04:30,|,27.7000007629395,15.0999994277954,46.3666687011719,991.666687011719,0.233333334326744,0,0,0,1.10000002384186,|,83070,|,1
18:05:30,|,27.7000007629395,14.7666664123535,45.2666664123535,991.63330078125,0.566666662693024,0,0,0,1.10000002384186,|,83130,|,1
18:06:30,|,27.7000007629395,14.5666666030884,44.6333351135254,991.733337402344,0.5,0,0,0,1.10000002384186,|,83190,|,1
18:07:30,|,27.7333335876465,14.6999998092651,45.033332824707,991.766662597656,0.466666668653488,0,0,0,1.10000002384186,|,83250,|,1
18:08:30,|,27.7666664123535,14.6666669845581,44.7999992370605,991.666687011719,0.533333361148834,0,0,0,1.10000002384186,|,83310,|,1
18:09:30,|,27.7000007629395,14.6666669845581,44.8999977111816,991.599975585938,0.566666662693024,0,0,0,1.10000002384186,|,83370,|,1
18:10:30,|,27.7000007629395,14.4333333969116,44.4333343505859,991.599975585938,0.266666680574417,0,0,0,1.10000002384186,|,83430,|,1
18:11:30,|,27.7333335876465,13.6999998092651,42.2000007629395,991.63330078125,0.333333343267441,0,0,0,1.10000002384186,|,83490,|,1
18:12:30,|,27.7999992370605,13.5666666030884,41.6666679382324,991.666687011719,0.333333343267441,0,0,0,1.10000002384186,|,83550,|,1
18:13:30,|,27.7999992370605,13.5333337783813,41.5999984741211,991.599975585938,0.100000001490116,0,0,0,1.10000002384186,|,83610,|,1
18:14:30,|,27.7999992370605,14.0333337783813,42.9333343505859,991.599975585938,0,0,0,0,1.10000002384186,|,83670,|,1
18:15:30,|,27.7999992370605,14.1666669845581,43.3666687011719,991.599975585938,0,0,0,0,1.10000002384186,|,83730,|,1
18:16:30,|,27.7999992370605,14.3666667938232,43.8666687011719,991.599975585938,0,0,0,0,1.10000002384186,|,83790,|,1
18:17:30,|,27.7999992370605,14.2666664123535,43.533332824707,991.599975585938,0,0,0,0,1.10000002384186,|,83850,|,1
18:18:30,|,27.7999992370605,14,42.7333335876465,991.63330078125,0.366666674613953,0,0,0,1.10000002384186,|,83910,|,1
18:19:30,|,27.7666664123535,14.8333330154419,45.2000007629395,991.666687011719,0.5,0,0,0,1.10000002384186,|,83970,|,1
18:20:30,|,27.6333332061768,15.5999994277954,47.9000015258789,991.599975585938,0.633333325386047,0,0,0,1.10000002384186,|,84030,|,1
18:21:30,|,27.4333324432373,15.3999996185303,47.8333320617676,991.63330078125,0.533333361148834,0,0,0,1.10000002384186,|,84090,|,1
18:22:30,|,27.2666664123535,15.4333333969116,48.3666648864746,991.666687011719,0.433333337306976,0,0,0,1.10000002384186,|,84150,|,1
18:23:30,|,27.1666679382324,15.4666662216187,48.8666687011719,991.599975585938,0.533333301544189,0,0,0,1.10000002384186,|,84210,|,1
18:24:30,|,27.033332824707,15.3000001907349,48.6333312988281,991.599975585938,0.633333325386047,0,0,0,1.10000002384186,|,84270,|,1
18:25:30,|,26.8999996185303,15.1666669845581,48.533332824707,991.599975585938,0.5,0,0,0,1.10000002384186,|,84330,|,1
18:26:30,|,26.8666667938232,15.2333335876465,48.9000015258789,991.599975585938,0.433333337306976,0,0,0,1.10000002384186,|,84390,|,1
18:27:30,|,26.7666664123535,15.1333332061768,48.8666687011719,991.566650390625,0.533333361148834,0,0,0,1.10000002384186,|,84450,|,1
18:28:30,|,26.6666679382324,15.2333335876465,49.3666687011719,991.5,0.433333337306976,0,0,0,1.10000002384186,|,84510,|,1
18:29:30,|,26.5666675567627,15.2666664123535,49.7333335876465,991.5,0.5,0,0,0,1.10000002384186,|,84570,|,1
18:30:30,|,26.5,15.2666664123535,50.0666656494141,991.5,0.5,0,0,0,1.10000002384186,|,84630,|,1
18:31:30,|,26.4333324432373,15.3999996185303,50.7000007629395,991.5,0.300000011920929,0,0,0,1.10000002384186,|,84690,|,1
18:32:30,|,26.2666664123535,15.5999994277954,51.7666664123535,991.5,0.433333337306976,0,0,0,1.10000002384186,|,84750,|,1
18:33:30,|,26.1333332061768,16.3999996185303,55.0999984741211,991.533325195313,0.5,0,0,0,1.10000002384186,|,84810,|,1
